3050 4900
309 462 378 535 los
543 459 757 534 ANNALES
784 457 1155 536 MECHOVlENSES.

303 681 530 756 possessore
561 659 755 758 principali
784 671 822 734 et
848 663 985 734 domno
1011 661 1163 735 Nicolao
1189 658 1397 734 castellano

303 758 590 874 Woynicziensi.
641 762 696 833 Ab
731 761 876 833 eisdem
902 762 1023 834 eciam
1048 762 1190 860 recepit
1215 762 1398 833 omnimo·

304 861 390 931 darn
419 860 722 956 resignacionem
750 862 787 932 in
818 863 981 934 crastino
1011 861 1305 936 circumcisionis
1324 861 1397 933 Do·

209 993 249 1036 ιιι.
251 983 394 1038 zmrnr
414 984 500 1032 cum
519 961 800 1034 rntrornrssrone
819 967 1002 1035 bonorum
1020 963 1284 1061 predictorum
1327 963 1435 1034 Eo-⁴

304 1062 390 1132 dem
416 1085 514 1131 anno
541 1062 723 1132 domum
713 1087 750 1132 rn
778 1062 956 1136 Cracovia
976 1066 1021 1135 ad
1048 1063 1227 1136 Sanctam
1254 1060 1397 1134 Hedwi-

301 1159 393 1256 gim‚
420 1164 555 1232 bonam
582 1171 620 1232 et
642 1161 811 1259 pulcram
838 1164 1074 1234 consumavit
1100 1187 1170 1235 seu
1195 1160 1396 1260 conplevit.

300 1283 414 1356 quam
433 1260 504 1332 alio
524 1285 622 1333 anno
640 1271 751 1333 antea
772 1261 970 1334 inchoavit.
1021 1263 1116 1334 ltem
1141 1265 1274 1335 eodem
1295 1286 1394 1333 anno

300 1359 474 1433 ibidem
466 1385 502 1432 rn
539 1360 716 1436 Cracovia
746 1386 815 1434 seu
843 1361 880 1433 in
906 1361 1102 1435 Stradorna
1145 1363 1237 1434 emit
1271 1372 1395 1434 ortum

301 1483 387 1532 curn
407 1485 496 1532 area
516 1471 553 1533 et
573 1463 740 1558 pomerio
760 1487 827 1559 pro
851 1465 893 1536 13
911 1463 1060 1559 marcis,
1079 1463 1170 1535 item
1185 1466 1280 1535 duas
1299 1462 1392 1535 alias

301 1563 433 1633 domos
466 1585 532 1658 pro
568 1566 612 1635 17
633 1562 770 1634 marcis
802 1586 875 1659 pro·
890 1564 1126 1660 ,monasterio
1147 1573 1278 1636 sancte
1297 1563 1394 1635 Hed-

300 1685 418 1757 tvrgrs.

374 1762 481 1832 Anno
508 1759 655 1833 Domini
679 1764 785 1834 1404.
812 1763 971 1833 domnus
997 1761 1157 1833 Michael
1176 1760 1391 1859 prepositus

300 1859 484 1933 ordinavit
511 1864 607 1957 quod
644 1861 883 1961 hospitale
873 1885 910 1932 in
950 1862 1167 1934 Zarnovecz
1193 1887 1278 1933 cum
1321 1886 1391 1934 suo

300 1960 481 2034 cimiterio
512 1961 580 2033 fait
605 1955 799 2034 fundatum
825 1972 863 2033 et
888 1973 1150 2034 consecratum
1179 1965 1312 2034 eodem
1332 1961 1391 2034 die

203 2083 245 2128 m
269 2061 424 2134 1wferiat
410 2061 525 2134 tercia
545 2062 582 2134 in
600 2061 726 2159 vigilia
745 2062 974 2135 visitacionis
995 2067 1103 2135 beate
1122 2062 1238 2134 Marie
1258 2064 1304 2134 ad
1323 2063 1390 2133 ho·

300 2187 430 2236 norem
451 2173 488 2235 et
506 2165 551 2236 ad
570 2163 720 2236 laudem
736 2173 867 2235 sancte
887 2163 1008 2235 crucis
1024 2163 1217 2261 utriusque
1236 2162 1347 2235 festi
1337 2187 1390 2233 rn-

297 2263 491 2336 vencionis
512 2274 549 2336 et
576 2263 819 2335 exaltacionis
851 2265 956 2336 acin
984 2265 1167 2337 honorem
1194 2263 1312 2336 sancti
1333 2287 1391 2336 se·

297 2363 442 2461 pulchri
476 2373 512 2435 et
542 2362 772 2436 visitacionis
800 2374 931 2436 sancte
957 2364 1084 2436 Maria.
1169 2364 1262 2436 ltem
1290 2387 1387 2434 anno

297 2474 371 2535 uno
392 2474 479 2535 ante
499 2465 829 2536 consecracionem
851 2466 949 2537 idem
968 2465 1156 2562 hospitale
1173 2465 1242 2537 fuit
1259 2476 1388 2537 nostro

296 2563 526 2636 monasterio
563 2564 819 2637 blechoviensi
851 2568 978 2638 datum
1007 2589 1076 2661 per
1103 2570 1289 2661 quendam
1317 2566 1390 2637 fra·

295 2674 392 2737 trem
418 2664 642 2736 Michaelem
675 2668 720 2738 de
757 2664 887 2737 ordine
921 2666 1078 2737 fratrom
1109 2666 1388 2737 Predicatorunr

294 2764 433 2838 dictum
453 2764 658 2861 vulgariter
675 2764 849 2859 l'restka,
869 2767 963 2861 quod
990 2765 1090 2837 idem
1116 2766 1232 2835 frater
1249 2766 1286 2836 in
1305 2789 1389 2863 pro·

200 2912 202 2915 -
294 2865 373 2962 prio
403 2866 639 2937 matrimonio
665 2866 886 2938 fundaverat
913 2868 1018 2938 etad
1047 2867 1118 2937 hoc
1137 2869 1297 2936 domnus
1322 2889 1388 2935 rex

291 2967 480 3041 Litwanns
514 2990 744 3041 consensum
771 2966 936 3039 adhibuit
968 2977 1007 3038 et
1036 2969 1129 3038 duos
1160 2966 1291 3038 laneos
1319 2970 1388 3039 sub

274 3069 473 3159 'Scassym
493 3067 614 3142 eidem
632 3067 807 3164 hospitali
827 3066 1045 3162 assignavit.

202 3190 284 3241 rura.
369 3167 476 3237 Anno
494 3168 642 3241 Domini
675 3170 779 3241 1404.
807 3166 907 3239 idern
935 3170 1095 3239 domnus
1119 3166 1280 3237 Michael
1305 3182 1388 3261 pre·-

294 3266 439 3365 positus
475 3268 660 3340 ordinavit
694 3268 793 3363 quod
829 3266 989 3338 ecclesia
1026 3276 1064 3337 et
1087 3265 1322 3358 cymiterium
1349 3265 1386 3336 in

293 3368 456 3443 Chodow
467 3368 616 3441 luerunt
631 3367 800 3439 dedicata
815 3390 884 3438 seu
903 3376 1122 3438 consecrata
1142 3365 1283 3437 feriol.
1303 3365 1385 3461 ipso

164 3500 169 3507 ·
293 3468 352 3540 die
372 3467 600 3541 visitacionis
620 3473 706 3541 beat
692 3477 729 3539 te
747 3466 865 3539 Marie
884 3468 929 3537 ad
948 3466 1098 3537 laudem
1116 3466 1385 3563 omnipotentis

292 3567 361 3642 Dei
397 3579 435 3641 et
468 3568 698 3641 visitacionis
726 3576 857 3639 sancte
890 3564 1027 3662 Mane,
1063 3566 1183 3639 sancti
1208 3565 1385 3639 lobannis

292 3669 467 3767 baptiste,
512 3669 631 3743 sancti
667 3667 844 3741 lobannis
887 3667 1131 3763 ewangeliste
1176 3677 1213 3739 et
1255 3676 1385 3739 sancte

291 3770 531 3866 Margarethe
562 3768 717 3866 virginis
750 3792 795 3840 ac
826 3767 988 3840 martiris
1014 3767 1192 3864 glorioseq
1223 3765 1385 3840 ecclesie

292 3871 461 3943 eiusdem
477 3870 599 3968 posita
615 3881 674 3943 est
687 3869 808 3966 prima
822 3868 1006 3940 dominica
1021 3879 1108 3940 ante
1123 3870 1261 3941 festum
1276 3871 1385 3939 beate

291 3971 515 4067 Margarete.
585 3971 678 4043 ltem
698 3969 870 4067 sequenti
889 3969 947 4041 die
968 3972 1101 4041 eodem
1121 3993 1218 4040 anno
1237 3968 1385 4040 lllecho-

290 4070 351 4143 vie
387 4072 531 4168 capella
559 4076 690 4145 subtus
717 4074 876 4167 gradum
912 4080 950 4141 et
977 4074 1050 4142 duo
1078 4068 1208 4141 altaria
1234 4069 1386 4141 fuerunt

291 4171 458 4244 dedicata
475 4182 512 4244 et
530 4182 761 4267 consecrata.
815 4168 968 4268 Capella
987 4173 1119 4242 'eadem
1139 4192 1224 4241 curn
1245 4168 1386 4241 suost-

291 4272 360 4345 tari
402 4271 571 4346 dedicata
612 4284 671 4347 est
712 4275 758 4345 ad
801 4273 981 4344 honorem
1027 4268 1147 4342 sancti
1190 4269 1383 4343 Michaelis
