3050 4900
288 466 347 546 34,
420 463 634 538 ANNALES
662 462 878 538 CAPITULl
905 463 1256 538 CRAcovtENSIS.

285 687 366 736 cum
384 664 555 737 tructeuus
573 666 620 736 ibi
636 687 708 736 uon
728 671 829 738 essct.
870 665 974 753 Quod
999 667 1114 737 eciam
1138 687 1284 737 mouens
1313 665 1381 740 troc

285 766 470 858 ueqccium
489 788 604 836 causa
624 767 735 837 estitit
760 765 978 858 principalis,
998 765 1156 836 decimas
1174 771 1321 839 nostras
1342 768 1379 837 in

285 863 430 954 Katiuo,
447 887 512 960 que
529 872 680 936 vocatur
691 865 936 957 Troianouicti,
949 864 1114 935 Zetcuino
1129 864 1256 936 ibidem
1265 888 1378 957 prope

283 965 370 1056 sito,
405 963 586 1037 Cbocbeea
620 970 652 1036 et
680 966 716 1035 in
745 965 868 1058 Replin
895 968 1030 1058 inteqrc
1066 971 1099 1036 et
1133 964 1267 1060 obsquc
1301 964 1377 1036 utta

283 1063 532 1158 diminucione,
560 1063 603 1136 de
620 1070 747 1136 nostra
761 1087 887 1137 mensa
901 1064 1066 1136 ducimus
1084 1062 1325 1149 conferendus
1344 1071 1378 1135 et

282 1163 492 1235 distributas
516 1166 721 1258 peripsum
748 1163 915 1236 domuum
942 1164 1192 1234 Hermanuum
1216 1186 1285 1256 pro
1309 1187 1376 1236 suo

282 1263 433 1334 arbitrio
454 1262 645 1334 aduitaria
664 1263 876 1356 supradicta
889 1265 1059 1335 ministris
1068 1262 1239 1334 altarium
1249 1285 1377 1334 eorun-

280 1360 372 1456 dem,
397 1385 464 1456 pro
483 1362 665 1435 uoluntate
681 1365 793 1457 ipsius
811 1365 975 1435 cononici
998 1363 1170 1458 quamdiu
1185 1364 1310 1435 uicerit
1323 1365 1376 1434 iu-

279 1462 484 1556 stituendis,
511 1466 571 1558 qui
593 1470 698 1535 erunt
719 1487 788 1558 pro
821 1470 978 1556 tempore
1000 1465 1037 1534 in
1059 1469 1270 1557 perpetuum
1295 1486 1375 1556 per·

279 1561 474 1655 cipiendos.
526 1562 607 1655 Ipse
631 1586 714 1633 uero
741 1563 939 1656 sepedictus
965 1565 1161 1634 canonicus
1194 1562 1238 1633 de
1272 1561 1375 1636 bonis

278 1663 346 1734 sibi
364 1685 387 1732 a
407 1661 483 1732 Deo
502 1666 679 1734 concessis
697 1665 803 1758 quasi
818 1665 967 1756 qracias
986 1662 1063 1734 [teo
1080 1684 1192 1755 aqcns
1215 1667 1248 1733 ct
1271 1663 1375 1734 nobis

276 1784 346 1854 pro
366 1784 406 1832 eo
426 1761 522 1854 qnod
540 1762 690 1853 adeptus
708 1761 846 1833 uidetur
871 1762 968 1856 quod
984 1763 1122 1854 optauit
1141 1763 1289 1853 proprio
1307 1785 1372 1833 suo

278 1866 377 1932 motu
394 1863 535 1932 sincera
552 1861 742 1932 ‹tenocioue
759 1860 1200 1955 informatoepiscopuicm
1211 1884 1372 1933 mensam

278 1962 384 2056 quasi
401 1960 549 2032 reddere
567 1961 789 2054 indempnem
797 1963 940 2054 cupiens
956 1963 991 2031 in
1009 1960 1080 2031 trac
1094 1966 1200 2051 parte
1216 1959 1375 2053 providit

279 2065 318 2131 ut
338 2059 468 2153 predia
493 2063 761 2156 acquirerentur
785 2067 818 2133 et
841 2067 1145 2154 compararentue
1164 2061 1233 2152 ipsi
1253 2082 1373 2133 mense

276 2167 447 2254 perpetuo
469 2160 754 2252 incorporanda.
794 2160 842 2231 Et
855 2163 939 2255 quio
958 2167 1062 2232 caute
1078 2162 1264 2254 prospexit
1275 2160 1373 2256 quod

277 2259 346 2331 boc
368 2262 482 2353 ipsum
503 2261 633 2332 utiliter
653 2265 688 2331 et
707 2261 901 2348 efficaciter
922 2262 981 2330 oio
1007 2267 1073 2330 aut
1095 2283 1288 2354 numquam
1305 2283 1372 2350 per

275 2381 357 2430 eum
372 2365 518 2453 poterat
530 2362 669 2453 pcruqi,
687 2359 790 2430 nobis
809 2359 860 2430 nd
875 2359 942 2430 boc
955 2359 1213 2455 exsequendum
1233 2365 1370 2431 centnm

276 2482 427 2532 marcas
445 2462 585 2554 arqcuti
601 2460 795 2531 liberaliter
812 2460 938 2532 obtulit
953 2460 1169 2553 etpersoluit.
1203 2459 1259 2531 Ad
1275 2460 1372 2554 quod

277 2562 463 2652 ueqccium
481 2583 547 2631 nos
565 2560 709 2631 easderu
729 2584 877 2631 marcas
900 2562 1033 2653 inteqre
1051 2561 1255 2653 recipientes
1277 2561 1371 2644 sutc-

275 2681 358 2730 mur
374 2661 441 2753 ipsi
463 2662 650 2753 canonico,
671 2661 779 2731 imino
798 2660 940 2731 ccctcsic
956 2666 1088 2751 nostre,
1107 2683 1174 2730 nos
1187 2683 1263 2731 esse
1282 2658 1368 2730 obti-

275 2764 383 2853 qatos
401 2766 435 2830 et
451 2759 1140 2853 tenerioptatoeffectuimancipandum.
1167 2758 1375 2851 Disposicio.

277 2865 396 2930 autem
414 2866 452 2930 et.
469 2862 645 2931 institucio
670 2863 912 2931 ministrorum
932 2860 983 2929 ad
1002 2859 1138 2930 altaria
1155 2859 1368 2952 supradicta

272 2965 358 3053 post
374 2965 511 3054 tempus
540 2960 625 3031 dicti
649 2962 814 3031 canonici
838 2959 889 3031 nd
909 2959 1102 3051 capitutum
1130 2965 1367 3030 memoratum

275 3082 432 3150 semper,
466 3081 537 3131 non
571 3059 621 3130 ad
644 3062 846 3153 episcopum
870 3060 1066 3151 pertinebit.
1117 3057 1164 3128 Et
1191 3058 1367 3152 quiahoc

275 3160 460 3250 ueqccium
481 3165 628 3253 propter
655 3157 901 3250 ampliandum
927 3158 1057 3229 cultum
1076 3156 1143 3227 Dei
1165 3157 1217 3227 ad
1241 3156 1366 3229 eadem

277 3256 413 3329 altaria
441 3280 512 3329 uon
538 3258 791 3345 minoruudum
815 3264 869 3330 est
895 3258 1044 3343 feliciter
1068 3262 1366 3351 consummatum,

272 3359 428 3450 presenti
446 3356 586 3430 decreto
605 3358 648 3429 dc
663 3360 799 3451 prefati
815 3361 929 3429 nostri
954 3357 1099 3450 capituti
1117 3354 1296 3427 volumtate
1314 3358 1366 3427 in·

273 3456 442 3551 bibemus,
468 3481 511 3529 ue
536 3458 641 3530 iidem
668 3459 830 3548 ministri,
858 3459 1002 3529 vicariis
1031 3456 1183 3528 aliorum
1203 3455 1365 3528 domino·

274 3579 355 3628 rum
381 3560 418 3628 in
444 3558 569 3631 endem
595 3558 744 3630 ccclesia
769 3563 834 3628 aut
861 3556 956 3629 alias
983 3580 1045 3628 scu
1077 3556 1251 3643 beneficiis
1285 3555 1366 3629 aliis

273 3663 500 3749 occupentur,
511 3682 554 3729 ne
572 3658 692 3729 taliter
700 3658 867 3750 occupati
878 3680 946 3728 sua
965 3655 1212 3751 derelinquant
1228 3654 1365 3727 altaria

273 3756 451 3849 desolato,
471 3757 522 3829 od
539 3782 605 3853 que
624 3757 822 3845 officianda
840 3762 924 3828 sunt
940 3758 1096 3828 inarime
1113 3757 1271 3827 instituti.
1308 3754 1366 3827 Ad

272 3857 446 3928 maiorem
466 3864 582 3928 autem
602 3856 821 3929 euidenciam
840 3857 996 3927 omnium
1009 3858 1266 3951 premissorum
1279 3879 1371 3948 pres

269 3959 403 4027 sentem
422 3958 598 4051 paqiuam
623 3958 813 4027 munimine
830 3956 1026 4049 siqillorum
1045 3957 1160 4028 nostri
1182 3960 1216 4026 et
1229 3956 1367 4047 prefati

268 4055 415 4148 capituli
432 4057 576 4151 diqnum
593 4059 785 4129 statuimus
802 4056 1041 4129 numiendam.
1076 4054 1200 4131 Actum
1220 4064 1289 4125 cto.

346 4155 574 4252 Ogcnerosa
587 4157 735 4229 claredo
751 4156 1136 4253 prosapieluculenta,
1155 4177 1228 4249 que
1243 4153 1364 4249 gloria

268 4253 331 4327 alti
350 4256 546 4352 sangoinis
566 4256 746 4329 attolleris
768 4266 805 4328 et
822 4266 1000 4353 tanquam
1020 4255 1181 4327 fecunda
1211 4252 1296 4326 vitis
1323 4252 1360 4325 in
