3050 4900
288 463 503 542 annates
529 413 1125 542 caenuu'cmcovmnsrs.
1202 469 1250 542 ss

147 668 251 767 piam
270 678 308 741 et
325 670 501 741 devotum
529 667 785 740 intencionem
804 667 949 742 habens
969 691 1060 763 erga
1080 667 1249 740 divinum

149 771 291 841 cultum
311 769 348 840 in
369 767 531 840 ecclesia
551 767 793 842 Cracoviensi
820 767 1077 863 ampliandum
1097 791 1247 866 preser-

147 870 215 952 tim
254 868 511 966 prospiciensq
547 867 584 938 in
630 870 764 940 eadem
804 867 966 939 ecclesia
994 867 1124 940 altaria
1161 893 1249 941 san·

148 981 295 1042 ctorum
321 968 510 1042 Adalberti
537 967 701 1040 martiris
731 978 768 1040 et
800 967 985 1040 Leonardi
1018 969 1249 1041 confessoris

148 1070 263 1142 veluti
291 1069 461 1141 desolata
487 1079 524 1140 et
542 1079 722 1166 tanquam
748 1069 785 1139 in
811 1067 1009 1140 solitudine
1029 1069 1248 1165 constituta,

148 1172 196 1242 ad
216 1193 288 1266 que
308 1169 380 1242 nisi
395 1169 431 1239 in
448 1167 789 1266 sollempnitatibus
807 1170 1014 1240 eorundem
1028 1179 1247 1242 sanctorum

147 1270 354 1348 missarum
374 1267 497 1340 ollicia
525 1271 794 1362 cantabantur,
818 1293 891 1340 non
920 1269 1045 1340 minus
1075 1280 1246 1342 sanctam

148 1370 429 1466 Margaretham
455 1368 660 1466 gloriosam
679 1368 864 1465 virginem
891 1379 929 1440 et
949 1368 1142 1440 martirem
1160 1395 1247 1467 spe·

148 1469 232 1544 ciali
248 1469 498 1542 veneracione
517 1493 768 1566 prosequenS,
786 1480 826 1541 ut
847 1467 1017 1540 eiusdem
1037 1470 1154 1541 altare
1175 1470 1246 1541 vir·

147 1570 246 1668 ginis
261 1570 298 1641 in
315 1572 449 1642 eadem
463 1570 625 1642 ecclesia
643 1569 858 1663 haberetur,
877 1568 1036 1641 instituit
1053 1569 1245 1643 ministros

149 1674 196 1743 ad
216 1671 283 1742 tria
304 1669 434 1742 altaria
455 1669 493 1741 in
516 1670 614 1741 dicta
630 1669 793 1742 ecclesia
812 1673 857 1742 ad
872 1680 1112 1767 perpetuum⁷
1131 1682 1168 1743 et
1188 1695 1246 1742 re·

147 1771 252 1844 ditus
265 1770 496 1842 decimarum
515 1793 582 1867 pro
603 1770 887 1842 sustentacione
907 1772 1111 1842 eorundem
1138 1771 1246 1842 mini·

149 1881 327 1966 strorum,
346 1895 367 1942 a
386 1873 523 1942 domno
543 1869 656 1941 Paulo
677 1869 856 1967 episcopo
876 1874 1082 1942 accedente
1101 1873 1146 1942 ad
1166 1881 1244 1943 tam

149 1971 252 2069 pium
280 1995 374 2068 opus
401 1981 551 2067 gratum
575 1971 656 2042 Deo
681 1971 973 2067 hominibusque
1002 1971 1188 2044 laudabile
1208 1980 1247 2043 et

148 2082 558 2168 acceptum,oonsensu
571 2069 834 2144 Cracoviensis
853 2070 1003 2168 capituli
1019 2070 1245 2169 impetravit,
1345 2135 1350 2144 .

148 2183 259 2269 prout
274 2173 310 2242 in
326 2171 399 2243 hoc
417 2170 613 2268 privilegio
628 2195 696 2243 seu
706 2169 957 2243 instrumento
977 2195 1093 2268 super
1110 2174 1244 2244 eodem

148 2271 308 2368 negocio
328 2270 499 2343 confecto
521 2271 667 2369 plenius
687 2271 943 2343 continentur:

223 2373 273 2444 ln
301 2373 482 2444 nomine
508 2371 693 2443 Domini.
729 2371 870 2445 Amen.
909 2373 1087 2462 Quoniam
1105 2373 1175 2444 soli
1191 2373 1245 2445 di·

149 2474 288 2545 vinitnti
313 2474 479 2544 conuenit
502 2474 539 2543 in
562 2472 635 2543 ullo
667 2472 816 2559 deficere
843 2498 889 2545 αα
919 2475 1077 2546 omnium
1112 2474 1246 2546 babere

148 2575 372 2667 memorium,
391 2572 470 2644 ideo
489 2572 708 2645 condicionis
720 2572 877 2645 bumnne
889 2573 1074 2668 frupilitus
1091 2578 1245 2662 artificio

148 2673 216 2746 sibi
230 2674 380 2767 quesivit
401 2672 605 2766 remedium,
632 2674 669 2744 in
693 2696 762 2767 quo
789 2676 893 2767 vipor
908 2674 1048 2758 fabrice
1065 2675 1246 2746 naturalis

146 2775 278 2845 flemmi
295 2772 424 2857 defecit
439 2774 575 2867 opificis
594 2772 785 2844 voluntale.
821 2774 873 2844 lllc
886 2775 995 2867 ipitur
1009 2773 1107 2867 quod
1124 2776 1246 2867 npitur

148 2875 195 2945 im
214 2878 372 2965 tempore
381 2896 460 2945 cum
471 2872 672 2943 euolucione
681 2874 1030 2965 temporismemorin
1040 2880 1244 2967 evanescat,

149 2971 284 3044 assolet
298 2974 431 3066 scripto
450 2974 589 3044 testium
607 2978 641 3043 et
658 2974 856 3045 testimonio
868 2974 1008 3066 opicum
1015 2972 1243 3065 perbennnrr‘.

148 3071 303 3144 Proinde
320 3078 397 3144 tam
413 3095 561 3165 presens
579 3076 657 3143 etus
680 3073 819 3143 nouerit
843 3096 952 3165 quum
977 3074 1122 3164 futuru,
1149 3072 1246 3167 quod

148 3195 215 3243 nos
236 3171 372 3244 Paulus
389 3171 457 3243 Dei
472 3172 602 3265 procia
620 3174 805 3265 episcopus
825 3172 1071 3244 Crucoviensis
1092 3173 1195 3265 pium
1212 3178 1248 3244 et

149 3271 314 3343 devotam
336 3274 568 3344 intencionem
589 3271 852 3366 dilipentissime
870 3272 1110 3365 attendentes,
1134 3296 1244 3366 quum

150 3372 315 3443 donrinus
338 3373 569 3443 Herrnnnnus
595 3373 792 3443 cononicus
815 3379 936 3443 nostre
966 3372 1109 3443 ecclesie
1138 3371 1248 3445 trudet

148 3494 237 3564 erpo
252 3470 407 3542 divinum
427 3471 570 3565 cultum,
585 3472 774 3565 presertim
795 3473 831 3541 in
853 3471 978 3543 eudem
1002 3470 1151 3543 ecclesia
1167 3494 1245 3542 um·

147 3568 346 3665 plinndum,
366 3572 439 3642 eius
456 3571 613 3643 honestis
627 3571 861 3663 peticionibus
876 3571 1020 3666 dipnum
1035 3593 1245 3643 consensum

145 3670 354 3765 prebuimus
383 3676 418 3742 et
446 3674 561 3743 nostri
589 3673 703 3743 tocius
725 3671 873 3765 capituli
891 3693 1066 3742 consensu
1092 3670 1247 3763 lepitimo

151 3769 342 3843 accedente
360 3793 423 3842 nec
441 3793 512 3841 non
531 3778 565 3842 et
582 3794 704 3843 eorum
717 3770 884 3863 precibus
894 3771 1182 3865 suffrupuntibus
1198 3768 1249 3841 nd

150 3869 384 3957 officiandum
412 3876 444 3941 et
470 3870 591 3941 divina
615 3869 867 3942 celebrandum
887 3869 939 3942 ud
962 3872 1034 3941 triu
1054 3870 1191 3941 ulturiu
1210 3871 1248 3940 in

150 3968 300 4042 ecclesio
334 3971 564 4043 Crucooiensi
596 3975 818 4063 memoratu,
851 3968 1011 4043 videlicet
1037 3975 1247 4042 sanctorum

148 4067 334 4141 adalbern·
348 4072 521 4162 martiris,
541 4069 725 4141 Lconnrdi
740 4071 958 4154 confessoris
973 4092 1038 4141 nec
1055 4092 1127 4141 non
1145 4068 1249 4141 brute

151 4168 394 4264 lllnrpnretba
423 4171 520 4265 quod
549 4168 642 4241 idem
662 4170 857 4241 cononicus
874 4170 1024 4241 instituit
1047 4172 1122 4241 suis
1142 4168 1248 4239 rebus

150 4270 185 4339 in
215 4270 306 4340 dicte
331 4271 473 4343 ecclesie
498 4292 667 4363 cumeru,
695 4291 761 4365 que
786 4268 982 4363 capitulum
1008 4274 1247 4362 nuncupatur,
1277 4328 1280 4333 .

974 4371 995 4442 3
