3050 4900
305 387 521 476 ANNALES
548 389 764 465 CAPITULI
790 390 1143 468 crncovlsusls.
1190 403 1192 405 ’
1227 396 1276 470 29

180 598 292 689 gatos
321 613 343 662 a
366 589 484 664 latere
511 591 613 664 sedis
640 589 850 688 apostolice
870 590 906 664 in
925 603 1054 692 partes
1069 592 1223 667 l'olonie
1237 603 1277 667 et

179 689 273 764 alias
293 689 518 788 destinatus,
545 691 745 764 concilium
774 691 810 762 in
835 693 1074 766 Wratizlavia
1098 695 1276 792 sollemp-

177 789 276 864 niter
298 789 387 863 fecit
412 803 449 864 et
474 790 612 864 multas
637 790 932 867 constituciones
959 795 1172 868 salutiferas
1200 806 1275 868 sta·

175 900 287 964 tuens
300 891 425 964 sanxit
442 896 637 966 tenendas.
663 892 731 964 Hic
743 894 998 967 venerabilem
1011 906 1158 993 patrem
1171 898 1275 968 dom·

176 1015 267 1064 num
293 991 452 1064 Paolum
486 993 647 1067 ecclesie
674 992 936 1068 cracoviensis
960 995 1170 1092 predictum
1197 995 1274 1092 epi·

174 1115 336 1190 scopum
350 1089 609 1192 tunelelectum
623 1117 739 1191 super
752 1094 1078 1194 archiepiscopum
1091 1105 1274 1168 etornnes

176 1191 378 1292 episcopos
399 1193 551 1266 Polonie
569 1194 638 1267 fuit
660 1194 898 1293 propensiori
927 1197 1056 1268 favore
1083 1206 1120 1267 et
1144 1195 1273 1293 gracia

173 1303 429 1392 prosequutus
450 1304 488 1367 et
504 1293 659 1368 honoris
678 1294 851 1390 ampliori
878 1296 1135 1393 preminenoia
1153 1296 1272 1368 hono·

173 1393 281 1466 ravit.
323 1393 392 1466 Hic
419 1393 548 1490 quinto
574 1395 656 1467 Kal.
682 1394 762 1467 lulii
796 1395 833 1466 in
859 1395 1080 1470 cracoviam
1111 1396 1270 1469 veniens
1286 1411 1383 1461 nott·

173 1504 332 1592 paterna
351 1494 491 1594 pietate
509 1495 594 1593 plus
604 1494 715 1568 solito
732 1498 957 1592 exuberans,
975 1495 1271 1592 benignissimus

171 1593 211 1665 in
232 1595 374 1667 clerum
390 1605 427 1668 ct
440 1595 568 1690 laycos
584 1595 771 1695 apparuit,
788 1605 907 1668 totum
920 1596 1270 1670 mansuetissimum

173 1693 319 1768 eisdem
338 1695 375 1766 in
398 1695 572 1769 omnibus
602 1721 644 1769 se
666 1706 904 1794 presentans.
1002 1697 1145 1770 Eodem
1171 1720 1270 1769 anno

170 1795 289 1867 tercio
314 1797 418 1868 Ydus
446 1795 680 1895 Septembris
709 1799 870 1870 domnus
896 1796 1059 1870 Goslaus
1092 1796 1269 1894 antiquus
1281 1823 1381 1880 Sept11.

171 1894 378 1968 canonicus
398 1896 660 1970 cracoviensis
685 1897 831 1993 primus
850 1895 1020 1970 officialis
1044 1909 1082 1970 et
1099 1897 1270 1996 peniten-

136 2009 139 2014 '
172 1995 310 2068 ciarius
345 1997 473 2069 domni
503 1995 605 2069 Pauli
638 1996 775 2096 prefati
802 1997 1065 2072 cracoviensis
1101 1996 1270 2094 episcopi

171 2095 271 2196 obiit.
315 2098 398 2170 Dux
431 2097 642 2170 Kazimirus
677 2097 775 2170 obiit.
820 2097 889 2168 Hic
921 2097 1081 2171 affabilis
1109 2097 1269 2170 multum

85 2247 88 2254 -
173 2196 304 2292 extitit,
320 2197 460 2270 lautam
473 2221 646 2270 mensam
664 2197 797 2293 tenuit⁷
815 2197 987 2296 hospites
1005 2197 1162 2270 nuncios
1172 2197 1267 2270 miro

171 2296 337 2370 caritatis
356 2297 1001 2396 affectususcipiensbenignissime
1013 2297 1270 2396 pertractavit,

171 2400 217 2472 ob
237 2423 350 2496 qoam
370 2422 525 2472 causam
545 2399 704 2472 celebris
731 2399 833 2471 fame
852 2397 1029 2497 preconio
1056 2404 1102 2472 ab
1128 2397 1268 2496 ignotis

171 2500 310 2571 meruit
338 2499 520 2597 insigniri.
555 2502 700 2573 Verum
727 2498 848 2571 eciam
876 2498 1037 2573 affabilis
1069 2500 1267 2597 graciosus

169 2601 404 2697 multumque
433 2600 670 2673 inferioribus
693 2599 937 2696 predilectuS,
964 2624 1052 2673 nam
1085 2624 1131 2672 eo
1152 2601 1268 2672 domi-

170 2712 285 2774 nante
295 2701 419 2774 nullus
438 2701 668 2799 palathinus7
686 2700 811 2773 nullus
827 2700 1070 2794 castellanus,
1088 2701 1213 2774 nullus
1229 2700 1266 2772 in

170 2824 408 2900 quacumque
436 2801 616 2898 dignitate
645 2800 869 2873 constitutus
893 2800 1008 2871 ullam
1027 2800 1266 2897 violenciam,

167 2902 285 2973 ullam
313 2901 567 2998 calumpniam
594 2901 656 2972 vel
682 2900 846 2998 aliquam
864 2900 1038 2972 iniuriam
1058 2922 1175 2973 ausus
1197 2900 1267 2973 fuit

168 3000 321 3098 inferre7
340 3026 411 3075 nec
429 3002 796 3099 fenumraperenec
813 3000 890 3072 vim
910 2999 1263 3098 aliquamirrogare.

167 3101 344 3175 Divinum
363 3100 528 3175 officium
546 3098 708 3173 multum
728 3101 856 3174 dilexit
873 3112 910 3173 et
928 3101 1173 3173 affectuosius
1199 3125 1264 3173 au-

169 3201 297 3299 diens,
326 3203 415 3276 fecit
442 3202 570 3300 sepius
589 3202 728 3275 missas
757 3212 974 3275 sanctorum
1003 3201 1264 3299 sollempniter

167 3303 360 3376 celebrari.
1053 3321 1056 3325 ·

73 3400 77 3403 ’
242 3402 384 3475 Eodem
420 3426 518 3476 anno
546 3402 730 3499 magister
756 3402 913 3475 lacobus
936 3405 1102 3475 decanus
1127 3403 1262 3476 craco·
1370 3492 1374 3496 Ι

166 3500 324 3598 viensiS,
343 3503 566 3577 scolasticus
579 3501 901 3599 Bamberigensis‚
922 3513 1052 3575 cantor
1065 3501 1262 3575 Wladizla-

167 3600 323 3696 vicnsis⁷
338 3602 886 3700 canonicusWratizlaviensis,
898 3603 1115 3701 capellanus
1134 3601 1262 3673 domni

165 3726 265 3801 pape
295 3714 332 3775 et
357 3706 459 3800 regis
484 3705 665 3777 Bobemie
692 3703 791 3777 obiit·
811 3708 866 3777 11.
895 3704 975 3776 Kal.
993 3702 1090 3775 Maii.
1130 3700 1200 3773 Hic
1222 3700 1260 3773 in
1270 3722 1361 3780 span

164 3802 380 3877 Skaressov
398 3808 445 3876 de
458 3804 673 3900 ‘hospitibus
693 3806 912 3902 parentibus
932 3802 1052 3876 extitit
1069 3802 1260 3875 oriundus.

164 3902 233 3975 Hic
252 3904 377 4003 exigui
394 3904 574 4003 corporis,
592 3928 709 4003 parve
730 3914 887 4001 stature,
905 3904 1012 4000 nigro
1032 3902 1108 4000 pilo
1131 3926 1261 3999 quam·

165 4028 279 4100 quarn
300 4004 483 4100 extiterit,
508 4028 620 4101 quam
648 4004 819 4103 plurimis
843 4016 972 4077 tamen
1002 4003 1260 4101 magnitudine

166 4105 322 4179 scientie
347 4106 542 4201 utriusque
564 4104 655 4177 iuris
680 4106 855 4177 canonici
873 4117 911 4179 et
931 4103 1063 4200 civilis7
1087 4128 1157 4176 nec
1183 4126 1260 4175 non

164 4209 325 4281 candore
346 4207 537 4307 sapiencie
548 4205 793 4305 preminebat.
818 4204 1008 4305 Nempein
1021 4203 1259 4303 philosophie
