<?xml version="1.0" encoding="UTF-8"?>
<!DOCTYPE html PUBLIC "-//W3C//DTD XHTML 1.0 Transitional//EN"
    "http://www.w3.org/TR/xhtml1/DTD/xhtml1-transitional.dtd">
<html xmlns="http://www.w3.org/1999/xhtml" xml:lang="en" lang="en">
 <head>
  <title>
</title>
<meta http-equiv="Content-Type" content="text/html;charset=utf-8" />
  <meta name='ocr-system' content='tesseract 3.04.00' />
  <meta name='ocr-capabilities' content='ocr_page ocr_carea ocr_par ocr_line ocrx_word'/>
</head>
<body>
  <div class='ocr_page' id='page_1' title='image "annalespoloniae01roepgoog_0143.png"; bbox 0 0 3050 4900; ppageno 0'>
   <div class='ocr_carea' id='block_1_1' title="bbox 394 428 1258 505">
    <p class='ocr_par' dir='ltr' id='par_1_1' title="bbox 394 428 1258 505">
     <span class='ocr_line' id='line_1_1' title="bbox 394 428 1258 505; baseline -0.001 -2"><span class='ocrx_word' id='word_1_1' title='bbox 394 429 609 505; x_wconf 80' lang='lat' dir='ltr'><strong>ANNALES</strong></span> <span class='ocrx_word' id='word_1_2' title='bbox 638 428 1012 505; x_wconf 84' lang='lat' dir='ltr'><strong>MECHOVIENSES.</strong></span> <span class='ocrx_word' id='word_1_3' title='bbox 1187 433 1258 503; x_wconf 83' lang='lat'>113</span> 
     </span>
    </p>
   </div>
   <div class='ocr_carea' id='block_1_2' title="bbox 142 629 1337 4246">
    <p class='ocr_par' dir='ltr' id='par_1_2' title="bbox 149 629 1258 1632">
     <span class='ocr_line' id='line_1_2' title="bbox 154 629 1258 728; baseline -0.003 -24"><span class='ocrx_word' id='word_1_4' title='bbox 154 629 339 704; x_wconf 75' lang='lat' dir='ltr'>moniales</span> <span class='ocrx_word' id='word_1_5' title='bbox 365 634 411 703; x_wconf 90' lang='lat' dir='ltr'>de</span> <span class='ocrx_word' id='word_1_6' title='bbox 448 631 527 704; x_wconf 91' lang='lat' dir='ltr'>suis</span> <span class='ocrx_word' id='word_1_7' title='bbox 548 631 788 704; x_wconf 85' lang='lat' dir='ltr'>monasteriis</span> <span class='ocrx_word' id='word_1_8' title='bbox 818 631 1078 727; x_wconf 74' lang='lat' dir='ltr'>expulserunt,</span> <span class='ocrx_word' id='word_1_9' title='bbox 1108 645 1146 702; x_wconf 91' lang='lat' dir='ltr'>et</span> <span class='ocrx_word' id='word_1_10' title='bbox 1180 629 1258 728; x_wconf 92' lang='lat' dir='ltr'>qui·</span> 
     </span>
     <span class='ocr_line' id='line_1_3' title="bbox 155 731 1257 831; baseline 0 -29"><span class='ocrx_word' id='word_1_11' title='bbox 155 755 303 828; x_wconf 87' lang='lat' dir='ltr'>cunque</span> <span class='ocrx_word' id='word_1_12' title='bbox 325 731 523 828; x_wconf 80' lang='lat' dir='ltr'>religiosus</span> <span class='ocrx_word' id='word_1_13' title='bbox 543 744 630 830; x_wconf 91' lang='lat' dir='ltr'>post</span> <span class='ocrx_word' id='word_1_14' title='bbox 648 733 909 831; x_wconf 79' lang='lat' dir='ltr'>expulsionem</span> <span class='ocrx_word' id='word_1_15' title='bbox 928 731 1106 804; x_wconf 84' lang='lat' dir='ltr'>inventus</span> <span class='ocrx_word' id='word_1_16' title='bbox 1133 731 1257 824; x_wconf 76' lang='lat' dir='ltr'>fuerit,</span> 
     </span>
     <span class='ocr_line' id='line_1_4' title="bbox 153 832 1256 932; baseline 0 -30"><span class='ocrx_word' id='word_1_17' title='bbox 153 833 312 929; x_wconf 81' lang='lat' dir='ltr'>turpiter</span> <span class='ocrx_word' id='word_1_18' title='bbox 331 835 558 904; x_wconf 85' lang='lat' dir='ltr'>occiderunt.</span> <span class='ocrx_word' id='word_1_19' title='bbox 607 834 766 932; x_wconf 90' lang='lat' dir='ltr'>lnsnper</span> <span class='ocrx_word' id='word_1_20' title='bbox 784 854 919 904; x_wconf 91' lang='lat' dir='ltr'>omnes</span> <span class='ocrx_word' id='word_1_21' title='bbox 940 832 1133 904; x_wconf 88' lang='lat' dir='ltr'>seculares</span> <span class='ocrx_word' id='word_1_22' title='bbox 1154 856 1256 929; x_wconf 92' lang='lat' dir='ltr'>pres-</span> 
     </span>
     <span class='ocr_line' id='line_1_5' title="bbox 153 931 1255 1029; baseline -0.001 -25"><span class='ocrx_word' id='word_1_23' title='bbox 153 932 293 1005; x_wconf 87' lang='lat' dir='ltr'>biteros</span> <span class='ocrx_word' id='word_1_24' title='bbox 313 933 376 1029; x_wconf 91' lang='lat' dir='ltr'>qui</span> <span class='ocrx_word' id='word_1_25' title='bbox 391 931 558 1006; x_wconf 91' lang='lat' dir='ltr'>heresim</span> <span class='ocrx_word' id='word_1_26' title='bbox 573 955 648 1004; x_wconf 93' lang='lat' dir='ltr'>non</span> <span class='ocrx_word' id='word_1_27' title='bbox 664 942 840 1006; x_wconf 87' lang='lat' dir='ltr'>tenerent</span> <span class='ocrx_word' id='word_1_28' title='bbox 859 942 935 1004; x_wconf 90' lang='lat' dir='ltr'>tam</span> <span class='ocrx_word' id='word_1_29' title='bbox 957 932 1121 1029; x_wconf 87' lang='lat' dir='ltr'>prelatos</span> <span class='ocrx_word' id='word_1_30' title='bbox 1142 957 1255 1028; x_wconf 90' lang='lat' dir='ltr'>quam</span> 
     </span>
     <span class='ocr_line' id='line_1_6' title="bbox 153 1032 1256 1129; baseline 0 -25"><span class='ocrx_word' id='word_1_31' title='bbox 153 1032 247 1106; x_wconf 89' lang='lat' dir='ltr'>alios</span> <span class='ocrx_word' id='word_1_32' title='bbox 274 1033 440 1105; x_wconf 92' lang='lat' dir='ltr'>minores</span> <span class='ocrx_word' id='word_1_33' title='bbox 474 1034 718 1106; x_wconf 87' lang='lat' dir='ltr'>ecclesiarum</span> <span class='ocrx_word' id='word_1_34' title='bbox 752 1033 973 1106; x_wconf 87' lang='lat' dir='ltr'>occidebant</span> <span class='ocrx_word' id='word_1_35' title='bbox 1004 1042 1186 1129; x_wconf 65' lang='lat' dir='ltr'>rectores,</span> <span class='ocrx_word' id='word_1_36' title='bbox 1218 1043 1256 1104; x_wconf 88' lang='lat' dir='ltr'>et</span> 
     </span>
     <span class='ocr_line' id='line_1_7' title="bbox 152 1132 1254 1231; baseline 0.001 -28"><span class='ocrx_word' id='word_1_37' title='bbox 152 1156 287 1205; x_wconf 89' lang='lat' dir='ltr'>omnes</span> <span class='ocrx_word' id='word_1_38' title='bbox 308 1133 490 1206; x_wconf 86' lang='lat' dir='ltr'>ecclesias</span> <span class='ocrx_word' id='word_1_39' title='bbox 510 1143 586 1206; x_wconf 90' lang='lat' dir='ltr'>tam</span> <span class='ocrx_word' id='word_1_40' title='bbox 603 1134 796 1206; x_wconf 88' lang='lat' dir='ltr'>seculares</span> <span class='ocrx_word' id='word_1_41' title='bbox 817 1157 929 1231; x_wconf 91' lang='lat' dir='ltr'>quam</span> <span class='ocrx_word' id='word_1_42' title='bbox 949 1132 1148 1229; x_wconf 85' lang='lat' dir='ltr'>religiosas</span> <span class='ocrx_word' id='word_1_43' title='bbox 1169 1156 1254 1231; x_wconf 90' lang='lat' dir='ltr'>spo-</span> 
     </span>
     <span class='ocr_line' id='line_1_8' title="bbox 151 1233 1252 1331; baseline 0.002 -28"><span class='ocrx_word' id='word_1_44' title='bbox 151 1233 275 1305; x_wconf 91' lang='lat' dir='ltr'>liando</span> <span class='ocrx_word' id='word_1_45' title='bbox 311 1234 564 1329; x_wconf 75' lang='lat' dir='ltr'>ornamentis,</span> <span class='ocrx_word' id='word_1_46' title='bbox 599 1233 795 1330; x_wconf 74' lang='lat' dir='ltr'>calicibus,</span> <span class='ocrx_word' id='word_1_47' title='bbox 829 1257 956 1328; x_wconf 88' lang='lat' dir='ltr'>ymmo</span> <span class='ocrx_word' id='word_1_48' title='bbox 984 1235 1252 1331; x_wconf 89' lang='lat' dir='ltr'>possessiones</span> 
     </span>
     <span class='ocr_line' id='line_1_9' title="bbox 151 1333 1251 1431; baseline 0 -25"><span class='ocrx_word' id='word_1_49' title='bbox 151 1357 287 1406; x_wconf 87' lang='lat' dir='ltr'>ornnes</span> <span class='ocrx_word' id='word_1_50' title='bbox 306 1333 472 1430; x_wconf 91' lang='lat' dir='ltr'>ipsorum</span> <span class='ocrx_word' id='word_1_51' title='bbox 501 1344 739 1431; x_wconf 74' lang='lat' dir='ltr'>receperunt,</span> <span class='ocrx_word' id='word_1_52' title='bbox 774 1334 894 1406; x_wconf 90' lang='lat' dir='ltr'>eciam</span> <span class='ocrx_word' id='word_1_53' title='bbox 924 1336 1105 1406; x_wconf 91' lang='lat' dir='ltr'>domnum</span> <span class='ocrx_word' id='word_1_54' title='bbox 1134 1333 1251 1430; x_wconf 84' lang='lat' dir='ltr'>Sigis-</span> 
     </span>
     <span class='ocr_line' id='line_1_10' title="bbox 151 1434 1249 1531; baseline 0 -25"><span class='ocrx_word' id='word_1_55' title='bbox 151 1436 334 1507; x_wconf 89' lang='lat' dir='ltr'>mundum</span> <span class='ocrx_word' id='word_1_56' title='bbox 365 1457 497 1531; x_wconf 84' lang='lat' dir='ltr'>regem</span> <span class='ocrx_word' id='word_1_57' title='bbox 529 1434 693 1531; x_wconf 82' lang='lat' dir='ltr'>Ungarie</span> <span class='ocrx_word' id='word_1_58' title='bbox 726 1457 844 1531; x_wconf 82' lang='lat' dir='ltr'>reguo</span> <span class='ocrx_word' id='word_1_59' title='bbox 876 1434 1059 1507; x_wconf 90' lang='lat' dir='ltr'>Bohemie</span> <span class='ocrx_word' id='word_1_60' title='bbox 1090 1445 1249 1531; x_wconf 90' lang='lat' dir='ltr'>paterno</span> 
     </span>
     <span class='ocr_line' id='line_1_11' title="bbox 149 1533 403 1632; baseline 0 -27"><span class='ocrx_word' id='word_1_61' title='bbox 149 1533 403 1632; x_wconf 89' lang='lat' dir='ltr'>privaverunt.</span> 
     </span>
    </p>

    <p class='ocr_par' dir='ltr' id='par_1_3' title="bbox 147 1633 1249 2334">
     <span class='ocr_line' id='line_1_12' title="bbox 225 1633 1248 1733; baseline 0.002 -27"><span class='ocrx_word' id='word_1_62' title='bbox 225 1635 332 1706; x_wconf 85' lang='lat' dir='ltr'>Anno</span> <span class='ocrx_word' id='word_1_63' title='bbox 367 1633 515 1706; x_wconf 88' lang='lat' dir='ltr'>Domini</span> <span class='ocrx_word' id='word_1_64' title='bbox 552 1635 656 1709; x_wconf 92' lang='grc'><strong>1422.</strong></span> <span class='ocrx_word' id='word_1_65' title='bbox 688 1633 844 1707; x_wconf 90' lang='lat' dir='ltr'>illustris</span> <span class='ocrx_word' id='word_1_66' title='bbox 880 1633 1057 1733; x_wconf 90' lang='lat' dir='ltr'>princeps</span> <span class='ocrx_word' id='word_1_67' title='bbox 1088 1637 1248 1708; x_wconf 90' lang='lat' dir='ltr'>domnus</span> 
     </span>
     <span class='ocr_line' id='line_1_13' title="bbox 149 1734 1249 1833; baseline 0.001 -25"><span class='ocrx_word' id='word_1_68' title='bbox 149 1734 414 1832; x_wconf 81' lang='lat' dir='ltr'>Sigismundus</span> <span class='ocrx_word' id='word_1_69' title='bbox 437 1735 505 1806; x_wconf 85' lang='lat' dir='ltr'>suit</span> <span class='ocrx_word' id='word_1_70' title='bbox 525 1735 665 1808; x_wconf 88' lang='lat' dir='ltr'>missus</span> <span class='ocrx_word' id='word_1_71' title='bbox 684 1759 754 1833; x_wconf 90' lang='lat' dir='ltr'>per</span> <span class='ocrx_word' id='word_1_72' title='bbox 768 1737 1015 1808; x_wconf 90' lang='lat' dir='ltr'>Wladislaum</span> <span class='ocrx_word' id='word_1_73' title='bbox 1034 1761 1165 1833; x_wconf 81' lang='lat' dir='ltr'>regern</span> <span class='ocrx_word' id='word_1_74' title='bbox 1183 1738 1249 1809; x_wconf 94' lang='lat' dir='ltr'>Po-</span> 
     </span>
     <span class='ocr_line' id='line_1_14' title="bbox 147 1835 1248 1935; baseline 0.004 -29"><span class='ocrx_word' id='word_1_75' title='bbox 147 1835 248 1907; x_wconf 92' lang='lat' dir='ltr'>lonie</span> <span class='ocrx_word' id='word_1_76' title='bbox 268 1839 312 1908; x_wconf 85' lang='lat' dir='ltr'>ad</span> <span class='ocrx_word' id='word_1_77' title='bbox 332 1838 510 1909; x_wconf 92' lang='lat' dir='ltr'>domnum</span> <span class='ocrx_word' id='word_1_78' title='bbox 525 1835 711 1909; x_wconf 89' lang='lat' dir='ltr'>Vitoldum</span> <span class='ocrx_word' id='word_1_79' title='bbox 727 1839 862 1908; x_wconf 91' lang='lat' dir='ltr'>docem</span> <span class='ocrx_word' id='word_1_80' title='bbox 876 1836 1070 1910; x_wconf 86' lang='lat' dir='ltr'>Littwanie</span> <span class='ocrx_word' id='word_1_81' title='bbox 1090 1841 1160 1910; x_wconf 93' lang='lat' dir='ltr'>sub</span> <span class='ocrx_word' id='word_1_82' title='bbox 1179 1861 1248 1935; x_wconf 89' lang='lat' dir='ltr'>spe</span> 
     </span>
     <span class='ocr_line' id='line_1_15' title="bbox 149 1935 1248 2010; baseline 0.001 -1"><span class='ocrx_word' id='word_1_83' title='bbox 149 1938 196 2010; x_wconf 91' lang='lat' dir='ltr'>ad</span> <span class='ocrx_word' id='word_1_84' title='bbox 221 1936 441 2007; x_wconf 80' lang='lat' dir='ltr'>bohemiam</span> <span class='ocrx_word' id='word_1_85' title='bbox 469 1935 722 2008; x_wconf 84' lang='lat' dir='ltr'>hereticorum</span> <span class='ocrx_word' id='word_1_86' title='bbox 751 1936 1050 2008; x_wconf 90' lang='lat' dir='ltr'>conversionem.</span> <span class='ocrx_word' id='word_1_87' title='bbox 1104 1938 1248 2010; x_wconf 83' lang='lat' dir='ltr'>Tamen</span> 
     </span>
     <span class='ocr_line' id='line_1_16' title="bbox 148 2036 1247 2110; baseline 0.003 -3"><span class='ocrx_word' id='word_1_88' title='bbox 148 2060 223 2107; x_wconf 93' lang='lat' dir='ltr'>non</span> <span class='ocrx_word' id='word_1_89' title='bbox 246 2036 363 2107; x_wconf 89' lang='lat' dir='ltr'>valuit</span> <span class='ocrx_word' id='word_1_90' title='bbox 390 2058 455 2108; x_wconf 89' lang='lat' dir='ltr'>eos</span> <span class='ocrx_word' id='word_1_91' title='bbox 481 2038 661 2109; x_wconf 85' lang='lat' dir='ltr'>reducere</span> <span class='ocrx_word' id='word_1_92' title='bbox 681 2040 726 2108; x_wconf 92' lang='lat' dir='ltr'>ab</span> <span class='ocrx_word' id='word_1_93' title='bbox 755 2059 887 2108; x_wconf 90' lang='lat' dir='ltr'>eorum</span> <span class='ocrx_word' id='word_1_94' title='bbox 913 2036 1101 2109; x_wconf 89' lang='lat' dir='ltr'>erroribus</span> <span class='ocrx_word' id='word_1_95' title='bbox 1133 2048 1172 2110; x_wconf 88' lang='lat' dir='ltr'>et</span> <span class='ocrx_word' id='word_1_96' title='bbox 1201 2041 1247 2110; x_wconf 88' lang='lat' dir='ltr'>ad</span> 
     </span>
     <span class='ocr_line' id='line_1_17' title="bbox 149 2135 1247 2234; baseline 0.004 -27"><span class='ocrx_word' id='word_1_97' title='bbox 149 2135 406 2209; x_wconf 83' lang='lat' dir='ltr'>obedienciam</span> <span class='ocrx_word' id='word_1_98' title='bbox 434 2135 595 2209; x_wconf 89' lang='lat' dir='ltr'>ecclesie</span> <span class='ocrx_word' id='word_1_99' title='bbox 623 2136 806 2232; x_wconf 74' lang='lat' dir='ltr'>Romane,</span> <span class='ocrx_word' id='word_1_100' title='bbox 841 2135 927 2234; x_wconf 88' lang='lat' dir='ltr'>quia</span> <span class='ocrx_word' id='word_1_101' title='bbox 952 2137 1131 2210; x_wconf 88' lang='lat' dir='ltr'>Iohannis</span> <span class='ocrx_word' id='word_1_102' title='bbox 1167 2139 1247 2211; x_wconf 90' lang='lat' dir='ltr'>Hus</span> 
     </span>
     <span class='ocr_line' id='line_1_18' title="bbox 148 2235 1027 2334; baseline 0 -25"><span class='ocrx_word' id='word_1_103' title='bbox 148 2235 304 2309; x_wconf 88' lang='lat' dir='ltr'>heretici</span> <span class='ocrx_word' id='word_1_104' title='bbox 323 2235 480 2308; x_wconf 87' lang='lat' dir='ltr'>firmiter</span> <span class='ocrx_word' id='word_1_105' title='bbox 499 2247 588 2313; x_wconf 75' lang='lat' dir='ltr'>sunt</span> <span class='ocrx_word' id='word_1_106' title='bbox 603 2236 803 2310; x_wconf 89' lang='lat' dir='ltr'>heresibus</span> <span class='ocrx_word' id='word_1_107' title='bbox 822 2236 1027 2334; x_wconf 90' lang='lat' dir='ltr'>depravati.</span> 
     </span>
    </p>

    <p class='ocr_par' dir='ltr' id='par_1_4' title="bbox 147 2335 1313 2813">
     <span class='ocr_line' id='line_1_19' title="bbox 222 2335 1313 2412; baseline 0.003 -3"><span class='ocrx_word' id='word_1_108' title='bbox 222 2338 330 2409; x_wconf 90' lang='lat' dir='ltr'>Anno</span> <span class='ocrx_word' id='word_1_109' title='bbox 357 2335 505 2408; x_wconf 89' lang='lat' dir='ltr'>Domini</span> <span class='ocrx_word' id='word_1_110' title='bbox 537 2338 642 2410; x_wconf 88' lang='grc'><strong>1422.</strong></span> <span class='ocrx_word' id='word_1_111' title='bbox 675 2361 741 2409; x_wconf 89' lang='lat' dir='ltr'>rex</span> <span class='ocrx_word' id='word_1_112' title='bbox 771 2338 994 2411; x_wconf 89' lang='lat' dir='ltr'>Wladislaus</span> <span class='ocrx_word' id='word_1_113' title='bbox 1027 2347 1064 2410; x_wconf 90' lang='lat' dir='ltr'>et</span> <span class='ocrx_word' id='word_1_114' title='bbox 1090 2340 1162 2410; x_wconf 89' lang='lat' dir='ltr'>dux</span> <span class='ocrx_word' id='word_1_115' title='bbox 1189 2338 1313 2412; x_wconf 67' lang='lat' dir='ltr'>Vitru-</span> 
     </span>
     <span class='ocr_line' id='line_1_20' title="bbox 147 2436 1245 2536; baseline 0.005 -29"><span class='ocrx_word' id='word_1_116' title='bbox 147 2438 271 2510; x_wconf 88' lang='lat' dir='ltr'>toldus</span> <span class='ocrx_word' id='word_1_117' title='bbox 301 2436 495 2511; x_wconf 86' lang='lat' dir='ltr'>Littwauie</span> <span class='ocrx_word' id='word_1_118' title='bbox 526 2437 760 2511; x_wconf 88' lang='lat' dir='ltr'>intraverunt</span> <span class='ocrx_word' id='word_1_119' title='bbox 784 2448 958 2536; x_wconf 87' lang='lat' dir='ltr'>potenter</span> <span class='ocrx_word' id='word_1_120' title='bbox 975 2448 1115 2511; x_wconf 89' lang='lat' dir='ltr'>terram</span> <span class='ocrx_word' id='word_1_121' title='bbox 1135 2440 1245 2513; x_wconf 87' lang='lat' dir='ltr'>Prus-</span> 
     </span>
     <span class='ocr_line' id='line_1_21' title="bbox 148 2538 1245 2638; baseline 0.005 -29"><span class='ocrx_word' id='word_1_122' title='bbox 148 2538 203 2609; x_wconf 91' lang='lat' dir='ltr'>sie</span> <span class='ocrx_word' id='word_1_123' title='bbox 237 2561 322 2610; x_wconf 91' lang='lat' dir='ltr'>oum</span> <span class='ocrx_word' id='word_1_124' title='bbox 348 2538 582 2611; x_wconf 89' lang='lat' dir='ltr'>multitudine</span> <span class='ocrx_word' id='word_1_125' title='bbox 609 2540 898 2636; x_wconf 74' lang='lat' dir='ltr'>Thartarorum⁷</span> <span class='ocrx_word' id='word_1_126' title='bbox 934 2565 1049 2638; x_wconf 90' lang='lat' dir='ltr'>quam</span> <span class='ocrx_word' id='word_1_127' title='bbox 1074 2543 1245 2614; x_wconf 89' lang='lat' dir='ltr'>devasta-</span> 
     </span>
     <span class='ocr_line' id='line_1_22' title="bbox 148 2639 1244 2740; baseline 0.005 -32"><span class='ocrx_word' id='word_1_128' title='bbox 148 2649 283 2711; x_wconf 90' lang='lat' dir='ltr'>verunt</span> <span class='ocrx_word' id='word_1_129' title='bbox 302 2649 339 2711; x_wconf 86' lang='lat' dir='ltr'>et</span> <span class='ocrx_word' id='word_1_130' title='bbox 357 2639 539 2713; x_wconf 89' lang='lat' dir='ltr'>incendiis</span> <span class='ocrx_word' id='word_1_131' title='bbox 555 2639 724 2714; x_wconf 88' lang='lat' dir='ltr'>civitates</span> <span class='ocrx_word' id='word_1_132' title='bbox 744 2650 783 2715; x_wconf 88' lang='lat' dir='ltr'>et</span> <span class='ocrx_word' id='word_1_133' title='bbox 801 2639 908 2713; x_wconf 90' lang='lat' dir='ltr'>villas</span> <span class='ocrx_word' id='word_1_134' title='bbox 923 2640 960 2713; x_wconf 90' lang='lat' dir='ltr'>in</span> <span class='ocrx_word' id='word_1_135' title='bbox 979 2665 1119 2738; x_wconf 78' lang='lat' dir='ltr'>magna</span> <span class='ocrx_word' id='word_1_136' title='bbox 1138 2652 1244 2740; x_wconf 90' lang='lat' dir='ltr'>parte</span> 
     </span>
     <span class='ocr_line' id='line_1_23' title="bbox 147 2749 422 2813; baseline -0.004 0"><span class='ocrx_word' id='word_1_137' title='bbox 147 2749 422 2813; x_wconf 87' lang='lat' dir='ltr'>cremaverunt.</span> 
     </span>
    </p>

    <p class='ocr_par' dir='ltr' id='par_1_5' title="bbox 142 2840 1337 3817">
     <span class='ocr_line' id='line_1_24' title="bbox 223 2840 1337 2939; baseline -0.002 -27"><span class='ocrx_word' id='word_1_138' title='bbox 223 2842 330 2913; x_wconf 89' lang='grc'><strong>1422.</strong></span> <span class='ocrx_word' id='word_1_139' title='bbox 357 2840 451 2913; x_wconf 87' lang='lat' dir='ltr'>feria</span> <span class='ocrx_word' id='word_1_140' title='bbox 476 2850 608 2938; x_wconf 83' lang='lat' dir='ltr'>quarta</span> <span class='ocrx_word' id='word_1_141' title='bbox 641 2841 812 2937; x_wconf 85' lang='lat' dir='ltr'>proxima</span> <span class='ocrx_word' id='word_1_142' title='bbox 836 2852 925 2939; x_wconf 90' lang='lat' dir='ltr'>post</span> <span class='ocrx_word' id='word_1_143' title='bbox 958 2842 1097 2915; x_wconf 85' lang='lat' dir='ltr'>festum</span> <span class='ocrx_word' id='word_1_144' title='bbox 1123 2842 1337 2915; x_wconf 65' lang='lat' dir='ltr'>sanctirum.</span> 
     </span>
     <span class='ocr_line' id='line_1_25' title="bbox 143 2940 1242 3039; baseline 0.005 -29"><span class='ocrx_word' id='word_1_145' title='bbox 143 2941 292 3012; x_wconf 86' lang='lat' dir='ltr'>Andree</span> <span class='ocrx_word' id='word_1_146' title='bbox 317 2940 475 3037; x_wconf 89' lang='lat' dir='ltr'>apostoli</span> <span class='ocrx_word' id='word_1_147' title='bbox 495 2943 531 3012; x_wconf 93' lang='lat' dir='ltr'>in</span> <span class='ocrx_word' id='word_1_148' title='bbox 559 2951 660 3012; x_wconf 86' lang='lat' dir='ltr'>terra</span> <span class='ocrx_word' id='word_1_149' title='bbox 678 2942 890 3039; x_wconf 71' lang='lat' dir='ltr'>Cypsionsi⁷</span> <span class='ocrx_word' id='word_1_150' title='bbox 917 2942 954 3013; x_wconf 92' lang='lat' dir='ltr'>in</span> <span class='ocrx_word' id='word_1_151' title='bbox 984 2943 1171 3039; x_wconf 73' lang='lat' dir='ltr'>Lubooza,</span> <span class='ocrx_word' id='word_1_152' title='bbox 1205 2944 1242 3015; x_wconf 94' lang='lat' dir='ltr'>in</span> 
     </span>
     <span class='ocr_line' id='line_1_26' title="bbox 144 3039 1242 3141; baseline 0.005 -31"><span class='ocrx_word' id='word_1_153' title='bbox 144 3039 340 3136; x_wconf 78' lang='lat' dir='ltr'>legacione</span> <span class='ocrx_word' id='word_1_154' title='bbox 359 3040 484 3113; x_wconf 92' lang='lat' dir='ltr'>domni</span> <span class='ocrx_word' id='word_1_155' title='bbox 504 3040 624 3113; x_wconf 88' lang='lat' dir='ltr'>nostri</span> <span class='ocrx_word' id='word_1_156' title='bbox 642 3042 744 3139; x_wconf 82' lang='lat' dir='ltr'>regis</span> <span class='ocrx_word' id='word_1_157' title='bbox 764 3043 917 3115; x_wconf 89' lang='lat' dir='ltr'>Polonie</span> <span class='ocrx_word' id='word_1_158' title='bbox 942 3047 989 3117; x_wconf 91' lang='lat' dir='ltr'>ob</span> <span class='ocrx_word' id='word_1_159' title='bbox 1016 3067 1125 3141; x_wconf 90' lang='lat' dir='ltr'>spem</span> <span class='ocrx_word' id='word_1_160' title='bbox 1154 3068 1242 3116; x_wconf 89' lang='lat' dir='ltr'>oon·</span> 
     </span>
     <span class='ocr_line' id='line_1_27' title="bbox 146 3139 1242 3240; baseline 0.005 -29"><span class='ocrx_word' id='word_1_161' title='bbox 146 3139 270 3212; x_wconf 90' lang='lat' dir='ltr'>cordie</span> <span class='ocrx_word' id='word_1_162' title='bbox 286 3151 323 3212; x_wconf 92' lang='lat' dir='ltr'>et</span> <span class='ocrx_word' id='word_1_163' title='bbox 347 3140 450 3238; x_wconf 87' lang='lat' dir='ltr'>pacis</span> <span class='ocrx_word' id='word_1_164' title='bbox 472 3152 690 3237; x_wconf 85' lang='lat' dir='ltr'>treugarum</span> <span class='ocrx_word' id='word_1_165' title='bbox 717 3142 1002 3240; x_wconf 82' lang='lat' dir='ltr'>interregnum</span> <span class='ocrx_word' id='word_1_166' title='bbox 1026 3144 1179 3217; x_wconf 88' lang='lat' dir='ltr'>Polonie</span> <span class='ocrx_word' id='word_1_167' title='bbox 1206 3156 1242 3217; x_wconf 92' lang='lat' dir='ltr'>et</span> 
     </span>
     <span class='ocr_line' id='line_1_28' title="bbox 144 3240 1242 3342; baseline 0.007 -31"><span class='ocrx_word' id='word_1_168' title='bbox 144 3264 304 3337; x_wconf 81' lang='lat' dir='ltr'>regnum</span> <span class='ocrx_word' id='word_1_169' title='bbox 320 3240 497 3338; x_wconf 71' lang='lat' dir='ltr'>Ungarie7</span> <span class='ocrx_word' id='word_1_170' title='bbox 515 3242 652 3316; x_wconf 87' lang='lat' dir='ltr'>ibidem</span> <span class='ocrx_word' id='word_1_171' title='bbox 671 3242 708 3315; x_wconf 92' lang='lat' dir='ltr'>in</span> <span class='ocrx_word' id='word_1_172' title='bbox 728 3244 873 3342; x_wconf 86' lang='lat' dir='ltr'>prelata</span> <span class='ocrx_word' id='word_1_173' title='bbox 893 3243 978 3316; x_wconf 88' lang='lat' dir='ltr'>villa</span> <span class='ocrx_word' id='word_1_174' title='bbox 993 3243 1108 3316; x_wconf 85' lang='lat' dir='ltr'>vitam</span> <span class='ocrx_word' id='word_1_175' title='bbox 1121 3256 1242 3319; x_wconf 88' lang='lat' dir='ltr'>trans-</span> 
     </span>
     <span class='ocr_line' id='line_1_29' title="bbox 144 3340 1241 3440; baseline 0.005 -28"><span class='ocrx_word' id='word_1_176' title='bbox 144 3340 310 3436; x_wconf 74' lang='lat' dir='ltr'>itoriam,</span> <span class='ocrx_word' id='word_1_177' title='bbox 346 3354 457 3439; x_wconf 91' lang='lat' dir='ltr'>prout</span> <span class='ocrx_word' id='word_1_178' title='bbox 489 3344 567 3415; x_wconf 91' lang='lat' dir='ltr'>Deo</span> <span class='ocrx_word' id='word_1_179' title='bbox 603 3342 760 3440; x_wconf 72' lang='lat' dir='ltr'>placuit,</span> <span class='ocrx_word' id='word_1_180' title='bbox 800 3344 960 3417; x_wconf 91' lang='lat' dir='ltr'>mutavit</span> <span class='ocrx_word' id='word_1_181' title='bbox 994 3345 1029 3416; x_wconf 91' lang='lat' dir='ltr'>in</span> <span class='ocrx_word' id='word_1_182' title='bbox 1069 3355 1241 3418; x_wconf 89' lang='lat' dir='ltr'>eternam</span> 
     </span>
     <span class='ocr_line' id='line_1_30' title="bbox 143 3443 1241 3543; baseline 0.005 -31"><span class='ocrx_word' id='word_1_183' title='bbox 143 3443 484 3517; x_wconf 88' lang='lat' dir='ltr'>reverendissimus</span> <span class='ocrx_word' id='word_1_184' title='bbox 503 3454 610 3542; x_wconf 88' lang='lat' dir='ltr'>pater</span> <span class='ocrx_word' id='word_1_185' title='bbox 624 3446 785 3516; x_wconf 91' lang='lat' dir='ltr'>domnus</span> <span class='ocrx_word' id='word_1_186' title='bbox 799 3445 975 3517; x_wconf 88' lang='lat' dir='ltr'>Nicolaus</span> <span class='ocrx_word' id='word_1_187' title='bbox 991 3446 1241 3543; x_wconf 89' lang='lat' dir='ltr'>archiepisco·</span> 
     </span>
     <span class='ocr_line' id='line_1_31' title="bbox 143 3541 1241 3642; baseline 0.006 -30"><span class='ocrx_word' id='word_1_188' title='bbox 143 3566 213 3636; x_wconf 91' lang='lat' dir='ltr'>pus</span> <span class='ocrx_word' id='word_1_189' title='bbox 242 3541 477 3629; x_wconf 86' lang='lat' dir='ltr'>Gneznensis</span> <span class='ocrx_word' id='word_1_190' title='bbox 504 3555 541 3616; x_wconf 90' lang='lat' dir='ltr'>et</span> <span class='ocrx_word' id='word_1_191' title='bbox 566 3543 729 3642; x_wconf 51' lang='lat' dir='ltr'>primam</span> <span class='ocrx_word' id='word_1_192' title='bbox 762 3545 825 3642; x_wconf 86' lang='lat' dir='ltr'>qui</span> <span class='ocrx_word' id='word_1_193' title='bbox 854 3556 936 3618; x_wconf 87' lang='lat' dir='ltr'>erat</span> <span class='ocrx_word' id='word_1_194' title='bbox 960 3547 1178 3619; x_wconf 88' lang='lat' dir='ltr'>benefactor</span> <span class='ocrx_word' id='word_1_195' title='bbox 1204 3558 1241 3619; x_wconf 88' lang='lat' dir='ltr'>et</span> 
     </span>
     <span class='ocr_line' id='line_1_32' title="bbox 142 3644 1241 3742; baseline 0.006 -30"><span class='ocrx_word' id='word_1_196' title='bbox 142 3651 335 3741; x_wconf 91' lang='lat' dir='ltr'>promotor</span> <span class='ocrx_word' id='word_1_197' title='bbox 353 3644 572 3717; x_wconf 84' lang='lat' dir='ltr'>monasterii</span> <span class='ocrx_word' id='word_1_198' title='bbox 590 3644 883 3742; x_wconf 75' lang='lat' dir='ltr'>Mechov&#39;iensis‚</span> <span class='ocrx_word' id='word_1_199' title='bbox 903 3646 1016 3717; x_wconf 91' lang='lat' dir='ltr'>simul</span> <span class='ocrx_word' id='word_1_200' title='bbox 1036 3657 1073 3719; x_wconf 89' lang='lat' dir='ltr'>et</span> <span class='ocrx_word' id='word_1_201' title='bbox 1098 3648 1241 3720; x_wconf 84' lang='lat' dir='ltr'>confra-</span> 
     </span>
     <span class='ocr_line' id='line_1_33' title="bbox 142 3744 605 3817; baseline 0.002 -2"><span class='ocrx_word' id='word_1_202' title='bbox 142 3752 199 3815; x_wconf 92' lang='lat' dir='ltr'>ter</span> <span class='ocrx_word' id='word_1_203' title='bbox 218 3752 300 3815; x_wconf 89' lang='lat' dir='ltr'>erat</span> <span class='ocrx_word' id='word_1_204' title='bbox 317 3744 435 3816; x_wconf 88' lang='lat' dir='ltr'>nostri</span> <span class='ocrx_word' id='word_1_205' title='bbox 454 3744 605 3817; x_wconf 89' lang='lat' dir='ltr'>ordinis.</span> 
     </span>
    </p>

    <p class='ocr_par' dir='ltr' id='par_1_6' title="bbox 142 3843 1239 4246">
     <span class='ocr_line' id='line_1_34' title="bbox 215 3843 1237 3944; baseline 0.006 -30"><span class='ocrx_word' id='word_1_206' title='bbox 215 3843 309 3914; x_wconf 89' lang='lat' dir='ltr'>ltem</span> <span class='ocrx_word' id='word_1_207' title='bbox 330 3867 428 3916; x_wconf 93' lang='lat' dir='ltr'>anno</span> <span class='ocrx_word' id='word_1_208' title='bbox 461 3848 568 3919; x_wconf 87' lang='grc'><strong>1431.</strong></span> <span class='ocrx_word' id='word_1_209' title='bbox 596 3846 695 3917; x_wconf 87' lang='lat' dir='ltr'>facta</span> <span class='ocrx_word' id='word_1_210' title='bbox 724 3845 792 3918; x_wconf 88' lang='lat' dir='ltr'>luit</span> <span class='ocrx_word' id='word_1_211' title='bbox 811 3870 949 3944; x_wconf 83' lang='lat' dir='ltr'>magna</span> <span class='ocrx_word' id='word_1_212' title='bbox 970 3857 1120 3943; x_wconf 77' lang='lat' dir='ltr'>strages</span> <span class='ocrx_word' id='word_1_213' title='bbox 1139 3848 1237 3920; x_wconf 90' lang='lat' dir='ltr'>circa</span> 
     </span>
     <span class='ocr_line' id='line_1_35' title="bbox 142 3941 1239 4041; baseline 0.008 -28"><span class='ocrx_word' id='word_1_214' title='bbox 142 3941 324 4041; x_wconf 76' lang='lat' dir='ltr'>Luczsho‚</span> <span class='ocrx_word' id='word_1_215' title='bbox 353 3954 391 4017; x_wconf 88' lang='lat' dir='ltr'>et</span> <span class='ocrx_word' id='word_1_216' title='bbox 408 3945 544 4018; x_wconf 86' lang='lat' dir='ltr'>ibidem</span> <span class='ocrx_word' id='word_1_217' title='bbox 564 3944 727 4017; x_wconf 86' lang='lat' dir='ltr'>inierunt</span> <span class='ocrx_word' id='word_1_218' title='bbox 750 3948 892 4019; x_wconf 90' lang='lat' dir='ltr'>bellum</span> <span class='ocrx_word' id='word_1_219' title='bbox 919 3972 986 4018; x_wconf 86' lang='lat' dir='ltr'>rex</span> <span class='ocrx_word' id='word_1_220' title='bbox 1012 3948 1239 4022; x_wconf 91' lang='lat' dir='ltr'>Wladislaus</span> 
     </span>
     <span class='ocr_line' id='line_1_36' title="bbox 142 4041 1238 4146; baseline 0.008 -34"><span class='ocrx_word' id='word_1_221' title='bbox 142 4041 293 4117; x_wconf 92' lang='lat' dir='ltr'>Polonie</span> <span class='ocrx_word' id='word_1_222' title='bbox 321 4069 406 4117; x_wconf 88' lang='lat' dir='ltr'>oum</span> <span class='ocrx_word' id='word_1_223' title='bbox 433 4046 547 4119; x_wconf 86' lang='lat' dir='ltr'>fratre</span> <span class='ocrx_word' id='word_1_224' title='bbox 574 4070 643 4118; x_wconf 92' lang='lat' dir='ltr'>suo</span> <span class='ocrx_word' id='word_1_225' title='bbox 662 4046 868 4143; x_wconf 81' lang='lat' dir='ltr'>Swidergal</span> <span class='ocrx_word' id='word_1_226' title='bbox 888 4071 1027 4146; x_wconf 80' lang='lat' dir='ltr'>magno</span> <span class='ocrx_word' id='word_1_227' title='bbox 1054 4051 1147 4121; x_wconf 87' lang='lat' dir='ltr'>duee</span> <span class='ocrx_word' id='word_1_228' title='bbox 1165 4049 1238 4121; x_wconf 88' lang='lat' dir='ltr'>Lit-</span> 
     </span>
     <span class='ocr_line' id='line_1_37' title="bbox 142 4143 1239 4246; baseline 0.006 -33"><span class='ocrx_word' id='word_1_229' title='bbox 142 4143 259 4217; x_wconf 90' lang='lat' dir='ltr'>wanie</span> <span class='ocrx_word' id='word_1_230' title='bbox 279 4145 371 4221; x_wconf 90' lang='lat' dir='ltr'>alias</span> <span class='ocrx_word' id='word_1_231' title='bbox 391 4147 579 4243; x_wconf 77' lang='lat' dir='ltr'>Boleslao‚</span> <span class='ocrx_word' id='word_1_232' title='bbox 607 4157 645 4219; x_wconf 84' lang='lat' dir='ltr'>et</span> <span class='ocrx_word' id='word_1_233' title='bbox 663 4146 798 4220; x_wconf 91' lang='lat' dir='ltr'>ibidem</span> <span class='ocrx_word' id='word_1_234' title='bbox 825 4172 895 4246; x_wconf 93' lang='lat' dir='ltr'>per</span> <span class='ocrx_word' id='word_1_235' title='bbox 920 4149 1080 4223; x_wconf 91' lang='lat' dir='ltr'>Polonos</span> <span class='ocrx_word' id='word_1_236' title='bbox 1106 4149 1239 4221; x_wconf 85' lang='lat' dir='ltr'>infiniti</span> 
     </span>
    </p>
   </div>
   <div class='ocr_carea' id='block_1_3' title="bbox 963 4255 987 4322">
    <p class='ocr_par' dir='ltr' id='par_1_7' title="bbox 963 4255 987 4322">
     <span class='ocr_line' id='line_1_38' title="bbox 963 4255 987 4322; baseline 0 0"><span class='ocrx_word' id='word_1_237' title='bbox 963 4255 987 4322; x_wconf 89' lang='lat'>8</span> 
     </span>
    </p>
   </div>
   <div class='ocr_carea' id='block_1_4' title="bbox 0 0 1530 4900">
    <p class='ocr_par' dir='ltr' id='par_1_8' title="bbox 0 0 1530 4900">
     <span class='ocr_line' id='line_1_39' title="bbox 0 0 1530 4900; baseline 0 4"><span class='ocrx_word' id='word_1_238' title='bbox 0 0 1530 4900; x_wconf 95' lang='lat' dir='ltr'> </span> 
     </span>
    </p>
   </div>
  </div>
 </body>
</html>
