3050 4900
275 457 324 530 98
518 449 731 526 ANNALES
759 448 1129 528 MECHOVIENSES.

275 651 373 728 beati
391 649 568 724 Iohannis
588 661 755 724 cremata
774 662 833 725 est
850 653 984 725 domus
1010 661 1048 724 et
1064 653 1138 724 duo
1156 650 1306 747 fratres,
1332 659 1379 724 et'

276 751 416 826 tercius
437 751 495 823 vix
515 751 646 824 evasit.

187 867 267 923 1345.
354 854 461 926 1346.
480 875 546 924 rex
564 849 745 924 Bohemie
760 851 947 922 lohannes
968 875 1080 923 cecus
1100 851 1203 922 venit
1220 851 1266 922 ad
1282 851 1373 924 Cra-.

167 942 209 987 ¹¹¹¹·
230 939 425 1024 1²·coviam
445 962 482 1024 et
500 975 633 1024 omnes
651 947 760 1024 uillas
780 960 929 1023 nostras
949 962 986 1023 et
1005 950 1195 1023 civitatem
1219 951 1373 1023 Mecho-

168 1051 449 1124 oeruviensem
478 1051 681 1148 cremavit,
708 1063 745 1124 et
773 1051 969 1124 abscessit.
1045 1053 1189 1123 Eodem
1206 1075 1305 1122 anno
1335 1054 1374 1124 2.

278 1152 468 1225 Kalendas
500 1151 722 1224 Novembris
748 1151 989 1224 reconciliata
1025 1162 1083 1223 est
1119 1151 1280 1224 ecclesia
1305 1174 1373 1221 no-

280 1263 357 1325 stra
377 1275 462 1324 cum
482 1251 662 1324 cimiterio
682 1276 750 1350 per
768 1253 975 1324 lohannem
995 1251 1216 1349 episcopum
1236 1253 1374 1326 Croco-

277 1352 450 1425 viensem
469 1351 508 1423 in
525 1355 668 1424 honore
687 1353 808 1426 sancti
827 1351 990 1449 sepulcri
1009 1362 1047 1424 et
1065 1363 1196 1424 sancte
1219 1351 1347 1423 Marie.

357 1453 463 1526 1345.
489 1452 605 1526 frater
628 1453 814 1526 Henricus
845 1453 1037 1524 bohemus
1064 1451 1235 1525 visitator
1258 1451 1374 1522 intro·

280 1551 437 1625 miserat
462 1576 504 1625 se
532 1556 578 1626 de
605 1553 843 1650 prepositura
860 1552 1129 1648 Mechoviensi,
1157 1555 1224 1625 sed
1243 1551 1374 1648 appel·

278 1653 418 1724 latione
450 1657 496 1726 ab
520 1677 564 1725 eo
594 1655 692 1724 faeta
718 1653 878 1728 recessit
902 1663 941 1725 et
965 1654 1117 1724 domum
1142 1651 1373 1725 Nisnensem

280 1751 464 1850 spoliavit.
1237 1815 1241 1820 .

168 1890 234 1936 nan,
249 1889 272 1936 1,
359 1853 465 1927 1347.
484 1851 578 1924 feria
598 1862 728 1949 quarta
754 1861 842 1950 post
859 1851 1085 1924 dominicam
1107 1850 1214 1925 Oculi
1237 1854 1373 1924 domus

278 1951 556 2025 blechoviensis
575 1953 635 2026 vix
655 1963 875 2026 consumata
895 1950 1134 2049 perventum
1162 1953 1305 2024 deiecta
1334 1961 1375 2024 et

169 2053 440 2128 unaacontrita
458 2051 535 2124 fuit.
611 2053 755 2124 Eodem
783 2078 881 2125 anno
907 2053 1003 2124 intra
1037 2063 1209 2124 octavam
1241 2075 1374 2149 corpo-

171 2137 271 2186 “¹¹¹”·²·
280 2153 331 2226 ris
352 2151 490 2228 Christi
508 2152 580 2225 alia
599 2154 732 2226 domus
752 2153 788 2224 in
809 2155 942 2225 eodem
961 2153 1044 2223 loco
1071 2163 1285 2225 constructa
1303 2175 1374 2249 per

280 2264 435 2326 ventum
455 2253 626 2326 similiter
645 2263 704 2324 est
722 2253 937 2325 conminuta
957 2263 994 2324 et
1013 2256 1146 2324 eodem
1169 2277 1274 2325 anno
1298 2263 1374 2324 ter-

281 2356 337 2426 cia
357 2353 545 2426 demusin
566 2354 698 2425 eodem
725 2354 807 2425 loco
841 2363 1036 2452 reparatur
1062 2355 1108 2425 de
1135 2352 1374 2451 fragmentis,

281 2466 340 2528 set
359 2454 441 2527 aliis
460 2454 632 2527 deterior.

192 2569 271 2625 toto.
358 2556 465 2629 1347.
493 2578 558 2627 rex
583 2552 737 2627 Francie
765 2564 801 2626 et
831 2578 898 2625 rex
915 2552 1097 2626 Bohemie
1123 2577 1209 2625 curn
1236 2552 1374 2626 auxilio

168 2640 523 2754 111126’110111111110110
542 2655 753 2727 habuerunt
781 2652 996 2726 conflictum
1022 2678 1107 2725 cum
1132 2653 1278 2726 Bavaro
1304 2654 1375 2726 im·

280 2764 468 2854 peratore7
495 2754 672 2827 auxilium
699 2753 769 2826 sibi
802 2764 996 2851 prestante
1022 2778 1114 2850 rege
1145 2754 1298 2849 buglis,
1334 2764 1375 2827 et

279 2854 401 2929 victus
428 2866 487 2929 est
512 2880 579 2929 rex
604 2854 781 2950 Francie,
817 2866 854 2927 et
877 2879 943 2927 rex
970 2854 1151 2927 Bohemie
1182 2854 1374 2927 lohannes

281 2979 393 3028 cecus
408 2956 598 3049 occiditur,
614 2965 652 3030 et
665 2953 771 3027 multi
782 2955 985 3052 principes,
1001 2955 1172 3048 comites7
1190 2954 1374 3051 episcopi,

280 3060 409 3129 abates
442 3066 480 3129 01
497 3054 781 3129 innumerabilis
805 3055 1001 3127 multitudo
1028 3054 1065 3126 in
1093 3056 1228 3126 eodem
1253 3054 1373 3151 prelio

279 3154 505 3229 ceciderunt.
579 3156 721 3228 Eodem
741 3179 840 3227 anno
865 3154 1040 3228 Frisones
1058 3154 1293 3252 perimerunt
1317 3154 1376 3225 in·

278 3252 404 3328 linitos
431 3253 683 3351 Francigenas
717 3266 754 3327 et
781 3278 878 3354 pape
905 3266 1100 3352 cognatos.
1135 3256 1229 3328 ltem
1249 3254 1372 3329 obitus

280 3355 448 3453 episcopi
467 3354 740 3430 Cracoviensis.

357 3457 463 3529 1348.
482 3458 615 3529 domus
638 3454 867 3551 Nyssnensis
888 3477 972 3527 curn
992 3454 1075 3528 aliis
1093 3458 1140 3527 ab
1159 3453 1373 3529 obedientia

278 3558 412 3629 domus
431 3555 710 3629 lllechoviensis
730 3564 969 3654 sequestrata
989 3565 1058 3628 est.
1110 3556 1252 3627 Eodem
1270 3579 1371 3628 anno

167 3682 234 3729 ren.
244 3682 266 3731 a.
278 3656 686 3730 cruciferiocciderunt
698 3656 972 3728 multitudinem
986 3655 1238 3729 Litwanorum
1252 3654 1288 3728 in
1304 3681 1373 3753 pu-

278 3754 484 3829 rificatione
523 3767 654 3831 sancte
689 3756 817 3829 lllarie.
884 3757 1026 3828 Eodem
1062 3780 1160 3827 anno
1203 3759 1372 3829 secundo

167 3856 355 3930 1111011101.
373 3856 564 3931 Februarii
589 3858 720 3930 altaria
738 3856 776 3928 in
810 3855 973 3929 ecclesia
1000 3855 1256 3928 lllecboviensi
1283 3880 1372 3929 con-

275 3968 423 4030 secrata
438 3968 526 4030 sunt
539 3982 608 4055 per
626 3959 814 4055 quendam
835 3955 1056 4054 episcopum
1075 3958 1121 4028 de
1139 3955 1268 4028 ordine
1284 3957 1373 4030 Pre-

275 4056 495 4154 dicatorum‚
514 4082 706 4131 summum
724 4057 762 4130 in
781 4058 924 4130 honore
946 4055 1066 4131 sancti
1086 4056 1277 4154 sepulchri
1306 4058 1373 4130 do-

274 4156 412 4253 minici,
429 4158 590 4231 alterum
608 4158 646 4230 in
664 4159 808 4231 honore
827 4158 947 4230 sancti
966 4157 1091 4231 lacobi
1107 4156 1281 4255 apostoli,
1300 4168 1376 4231 ter-

275 4257 372 4331 cium
391 4258 510 4333 sancti
524 4258 690 4357 Nicolay,
715 4269 889 4356 quartum
909 4259 948 4331 in
962 4256 1135 4333 sacristia
1149 4268 1280 4331 sancte
1297 4258 1374 4333 Ka-
