<?xml version="1.0" encoding="UTF-8"?>
<!DOCTYPE html PUBLIC "-//W3C//DTD XHTML 1.0 Transitional//EN"
    "http://www.w3.org/TR/xhtml1/DTD/xhtml1-transitional.dtd">
<html xmlns="http://www.w3.org/1999/xhtml" xml:lang="en" lang="en">
 <head>
  <title>
</title>
<meta http-equiv="Content-Type" content="text/html;charset=utf-8" />
  <meta name='ocr-system' content='tesseract 3.04.00' />
  <meta name='ocr-capabilities' content='ocr_page ocr_carea ocr_par ocr_line ocrx_word'/>
</head>
<body>
  <div class='ocr_page' id='page_1' title='image "annalespoloniae01roepgoog_0076.png"; bbox 0 0 3050 4900; ppageno 0'>
   <div class='ocr_carea' id='block_1_1' title="bbox 276 422 1231 538">
    <p class='ocr_par' dir='ltr' id='par_1_1' title="bbox 276 422 1231 538">
     <span class='ocr_line' id='line_1_1' title="bbox 276 422 1231 538; baseline -0.006 -26"><span class='ocrx_word' id='word_1_1' title='bbox 276 439 325 512; x_wconf 88' lang='grc'>60</span> <span class='ocrx_word' id='word_1_2' title='bbox 471 422 740 510; x_wconf 73' lang='lat' dir='ltr'>&#39;nudatus</span> <span class='ocrx_word' id='word_1_3' title='bbox 769 433 1062 510; x_wconf 85' lang='lat' dir='ltr'><strong>POLONORUM</strong></span> <span class='ocrx_word' id='word_1_4' title='bbox 1088 433 1114 508; x_wconf 89' lang='lat'>1.</span> <span class='ocrx_word' id='word_1_5' title='bbox 1229 535 1231 538; x_wconf 13' lang='grc' dir='ltr'><strong><em>ι</em></strong></span> 
     </span>
    </p>
   </div>
   <div class='ocr_carea' id='block_1_2' title="bbox 162 634 1473 4221">
    <p class='ocr_par' dir='ltr' id='par_1_2' title="bbox 274 634 1370 1010">
     <span class='ocr_line' id='line_1_2' title="bbox 274 634 1370 734; baseline 0 -28"><span class='ocrx_word' id='word_1_6' title='bbox 274 634 490 730; x_wconf 86' lang='lat' dir='ltr'>Wladyslay</span> <span class='ocrx_word' id='word_1_7' title='bbox 513 635 617 708; x_wconf 90' lang='lat' dir='ltr'>ducis</span> <span class='ocrx_word' id='word_1_8' title='bbox 644 634 873 734; x_wconf 72' lang='lat' dir='ltr'>opoliensis,</span> <span class='ocrx_word' id='word_1_9' title='bbox 899 638 1192 708; x_wconf 85' lang='lat' dir='ltr'>devastaverunt</span> <span class='ocrx_word' id='word_1_10' title='bbox 1212 659 1296 707; x_wconf 88' lang='lat' dir='ltr'>eam</span> <span class='ocrx_word' id='word_1_11' title='bbox 1315 645 1370 707; x_wconf 92' lang='lat' dir='ltr'>to·</span> 
     </span>
     <span class='ocr_line' id='line_1_3' title="bbox 274 735 1369 832; baseline 0.002 -27"><span class='ocrx_word' id='word_1_12' title='bbox 274 735 399 806; x_wconf 87' lang='lat' dir='ltr'>taliter</span> <span class='ocrx_word' id='word_1_13' title='bbox 429 736 635 832; x_wconf 84' lang='lat' dir='ltr'>spoliantes</span> <span class='ocrx_word' id='word_1_14' title='bbox 667 748 704 808; x_wconf 91' lang='lat' dir='ltr'>et</span> <span class='ocrx_word' id='word_1_15' title='bbox 735 737 906 808; x_wconf 89' lang='lat' dir='ltr'>incendio</span> <span class='ocrx_word' id='word_1_16' title='bbox 928 735 1156 809; x_wconf 81' lang='lat' dir='ltr'>subicientes</span> <span class='ocrx_word' id='word_1_17' title='bbox 1186 735 1369 832; x_wconf 91' lang='lat' dir='ltr'>usquein</span> 
     </span>
     <span class='ocr_line' id='line_1_4' title="bbox 275 834 1369 935; baseline 0.001 -29"><span class='ocrx_word' id='word_1_18' title='bbox 275 834 371 932; x_wconf 90' lang='lat' dir='ltr'>Opol</span> <span class='ocrx_word' id='word_1_19' title='bbox 394 847 431 908; x_wconf 91' lang='lat' dir='ltr'>et</span> <span class='ocrx_word' id='word_1_20' title='bbox 456 837 493 908; x_wconf 92' lang='lat' dir='ltr'>in</span> <span class='ocrx_word' id='word_1_21' title='bbox 513 838 623 910; x_wconf 89' lang='lat' dir='ltr'>Cosle</span> <span class='ocrx_word' id='word_1_22' title='bbox 650 848 687 909; x_wconf 90' lang='lat' dir='ltr'>et</span> <span class='ocrx_word' id='word_1_23' title='bbox 714 861 833 935; x_wconf 90' lang='lat' dir='ltr'>usque</span> <span class='ocrx_word' id='word_1_24' title='bbox 852 837 890 908; x_wconf 93' lang='lat' dir='ltr'>in</span> <span class='ocrx_word' id='word_1_25' title='bbox 909 837 1062 931; x_wconf 74' lang='lat' dir='ltr'>Odram‚</span> <span class='ocrx_word' id='word_1_26' title='bbox 1090 847 1127 908; x_wconf 92' lang='lat' dir='ltr'>et</span> <span class='ocrx_word' id='word_1_27' title='bbox 1146 836 1369 908; x_wconf 79' lang='lat' dir='ltr'>multosbo·</span> 
     </span>
     <span class='ocr_line' id='line_1_5' title="bbox 276 936 800 1010; baseline 0.004 -4"><span class='ocrx_word' id='word_1_28' title='bbox 276 936 397 1008; x_wconf 88' lang='lat' dir='ltr'>mines</span> <span class='ocrx_word' id='word_1_29' title='bbox 427 938 634 1009; x_wconf 89' lang='lat' dir='ltr'>amiserunt</span> <span class='ocrx_word' id='word_1_30' title='bbox 652 937 800 1010; x_wconf 89' lang='lat' dir='ltr'>ibidem.</span> 
     </span>
    </p>

    <p class='ocr_par' dir='ltr' id='par_1_3' title="bbox 263 1036 1369 1532">
     <span class='ocr_line' id='line_1_6' title="bbox 353 1036 1369 1132; baseline 0 -24"><span class='ocrx_word' id='word_1_31' title='bbox 353 1038 457 1109; x_wconf 75' lang='lat'>1274.</span> <span class='ocrx_word' id='word_1_32' title='bbox 478 1038 616 1108; x_wconf 88' lang='lat' dir='ltr'>factum</span> <span class='ocrx_word' id='word_1_33' title='bbox 645 1051 702 1110; x_wconf 89' lang='lat' dir='ltr'>est</span> <span class='ocrx_word' id='word_1_34' title='bbox 735 1036 934 1109; x_wconf 82' lang='lat' dir='ltr'>concilium</span> <span class='ocrx_word' id='word_1_35' title='bbox 957 1036 1137 1131; x_wconf 80' lang='lat' dir='ltr'>generale</span> <span class='ocrx_word' id='word_1_36' title='bbox 1169 1040 1238 1108; x_wconf 89' lang='lat' dir='ltr'>snb</span> <span class='ocrx_word' id='word_1_37' title='bbox 1270 1059 1369 1132; x_wconf 88' lang='lat' dir='ltr'>papa</span> 
     </span>
     <span class='ocr_line' id='line_1_7' title="bbox 263 1132 1367 1234; baseline 0.003 -29"><span class='ocrx_word' id='word_1_38' title='bbox 263 1132 456 1229; x_wconf 68' lang='lat' dir='ltr'>&#39;Gregorio</span> <span class='ocrx_word' id='word_1_39' title='bbox 477 1137 521 1231; x_wconf 71' lang='lat' dir='ltr'>X,</span> <span class='ocrx_word' id='word_1_40' title='bbox 536 1137 573 1207; x_wconf 89' lang='lat' dir='ltr'>in</span> <span class='ocrx_word' id='word_1_41' title='bbox 593 1162 664 1234; x_wconf 90' lang='lat' dir='ltr'>quo</span> <span class='ocrx_word' id='word_1_42' title='bbox 687 1139 837 1210; x_wconf 87' lang='lat' dir='ltr'>fuerunt</span> <span class='ocrx_word' id='word_1_43' title='bbox 856 1135 1053 1232; x_wconf 79' lang='lat' dir='ltr'>ongregati</span> <span class='ocrx_word' id='word_1_44' title='bbox 1073 1134 1240 1233; x_wconf 84' lang='lat' dir='ltr'>episcopi</span> <span class='ocrx_word' id='word_1_45' title='bbox 1263 1138 1367 1208; x_wconf 84' lang='lat'>1200.</span> 
     </span>
     <span class='ocr_line' id='line_1_8' title="bbox 273 1234 1368 1310; baseline 0.001 -5"><span class='ocrx_word' id='word_1_46' title='bbox 273 1234 313 1306; x_wconf 94' lang='lat' dir='ltr'>In</span> <span class='ocrx_word' id='word_1_47' title='bbox 341 1237 413 1307; x_wconf 89' lang='lat' dir='ltr'>boc</span> <span class='ocrx_word' id='word_1_48' title='bbox 442 1238 598 1310; x_wconf 91' lang='lat' dir='ltr'>concilio</span> <span class='ocrx_word' id='word_1_49' title='bbox 624 1238 733 1310; x_wconf 84' lang='lat' dir='ltr'>Greci</span> <span class='ocrx_word' id='word_1_50' title='bbox 759 1248 847 1310; x_wconf 89' lang='lat' dir='ltr'>sunt</span> <span class='ocrx_word' id='word_1_51' title='bbox 871 1236 1013 1308; x_wconf 91' lang='lat' dir='ltr'>reversi</span> <span class='ocrx_word' id='word_1_52' title='bbox 1038 1238 1083 1307; x_wconf 90' lang='lat' dir='ltr'>ad</span> <span class='ocrx_word' id='word_1_53' title='bbox 1109 1235 1368 1309; x_wconf 84' lang='lat' dir='ltr'>obedienciam</span> 
     </span>
     <span class='ocr_line' id='line_1_9' title="bbox 274 1335 1369 1433; baseline -0.001 -27"><span class='ocrx_word' id='word_1_54' title='bbox 274 1337 435 1408; x_wconf 86' lang='lat' dir='ltr'>ecclesie</span> <span class='ocrx_word' id='word_1_55' title='bbox 461 1338 651 1433; x_wconf 64' lang='lat' dir='ltr'>Romane,</span> <span class='ocrx_word' id='word_1_56' title='bbox 688 1363 776 1410; x_wconf 91' lang='lat' dir='ltr'>nam</span> <span class='ocrx_word' id='word_1_57' title='bbox 805 1348 842 1409; x_wconf 89' lang='lat' dir='ltr'>et</span> <span class='ocrx_word' id='word_1_58' title='bbox 867 1336 1080 1433; x_wconf 88' lang='lat' dir='ltr'>patriarcha</span> <span class='ocrx_word' id='word_1_59' title='bbox 1107 1335 1369 1408; x_wconf 90' lang='lat' dir='ltr'>Constantino·</span> 
     </span>
     <span class='ocr_line' id='line_1_10' title="bbox 274 1435 1368 1532; baseline 0.001 -26"><span class='ocrx_word' id='word_1_60' title='bbox 274 1435 461 1531; x_wconf 89' lang='lat' dir='ltr'>politanus</span> <span class='ocrx_word' id='word_1_61' title='bbox 490 1437 693 1511; x_wconf 86' lang='lat' dir='ltr'>celebravit</span> <span class='ocrx_word' id='word_1_62' title='bbox 720 1439 879 1510; x_wconf 89' lang='lat' dir='ltr'>missam</span> <span class='ocrx_word' id='word_1_63' title='bbox 898 1437 935 1508; x_wconf 90' lang='lat' dir='ltr'>in</span> <span class='ocrx_word' id='word_1_64' title='bbox 965 1437 1085 1509; x_wconf 91' lang='lat' dir='ltr'>Greco</span> <span class='ocrx_word' id='word_1_65' title='bbox 1114 1461 1240 1509; x_wconf 88' lang='lat' dir='ltr'>coram</span> <span class='ocrx_word' id='word_1_66' title='bbox 1269 1461 1368 1532; x_wconf 89' lang='lat' dir='ltr'>papa</span> 
     </span>
    </p>

    <p class='ocr_par' dir='ltr' id='par_1_4' title="bbox 162 1536 1473 2436">
     <span class='ocr_line' id='line_1_11' title="bbox 162 1536 1368 1634; baseline 0.006 -33"><span class='ocrx_word' id='word_1_67' title='bbox 162 1559 210 1603; x_wconf 68' lang='lat' dir='ltr'>nn.</span> <span class='ocrx_word' id='word_1_68' title='bbox 227 1536 409 1608; x_wconf 74' lang='lat' dir='ltr'>coibidem</span> <span class='ocrx_word' id='word_1_69' title='bbox 425 1537 462 1608; x_wconf 91' lang='lat' dir='ltr'>in</span> <span class='ocrx_word' id='word_1_70' title='bbox 478 1539 536 1610; x_wconf 91' lang='lat' dir='ltr'>die</span> <span class='ocrx_word' id='word_1_71' title='bbox 552 1539 806 1634; x_wconf 83' lang='lat' dir='ltr'>apostolorum</span> <span class='ocrx_word' id='word_1_72' title='bbox 827 1537 925 1611; x_wconf 89' lang='lat' dir='ltr'>Petri</span> <span class='ocrx_word' id='word_1_73' title='bbox 945 1536 1115 1608; x_wconf 85' lang='lat' dir='ltr'>etPauli.</span> <span class='ocrx_word' id='word_1_74' title='bbox 1152 1539 1230 1608; x_wconf 86' lang='lat' dir='ltr'>Rex</span> <span class='ocrx_word' id='word_1_75' title='bbox 1246 1537 1368 1608; x_wconf 88' lang='lat' dir='ltr'>eciam</span> 
     </span>
     <span class='ocr_line' id='line_1_12' title="bbox 273 1637 1366 1710; baseline 0 -2"><span class='ocrx_word' id='word_1_76' title='bbox 273 1637 540 1709; x_wconf 87' lang='lat' dir='ltr'>Tbartarorum</span> <span class='ocrx_word' id='word_1_77' title='bbox 571 1639 707 1710; x_wconf 87' lang='lat' dir='ltr'>ibidem</span> <span class='ocrx_word' id='word_1_78' title='bbox 734 1638 837 1710; x_wconf 88' lang='lat' dir='ltr'>venit</span> <span class='ocrx_word' id='word_1_79' title='bbox 863 1647 900 1708; x_wconf 89' lang='lat' dir='ltr'>et</span> <span class='ocrx_word' id='word_1_80' title='bbox 920 1637 1176 1709; x_wconf 86' lang='lat' dir='ltr'>obedienciam</span> <span class='ocrx_word' id='word_1_81' title='bbox 1197 1637 1366 1708; x_wconf 89' lang='lat' dir='ltr'>Romane</span> 
     </span>
     <span class='ocr_line' id='line_1_13' title="bbox 273 1737 1368 1834; baseline -0.001 -25"><span class='ocrx_word' id='word_1_82' title='bbox 273 1737 434 1810; x_wconf 85' lang='lat' dir='ltr'>ecclesio</span> <span class='ocrx_word' id='word_1_83' title='bbox 461 1737 633 1834; x_wconf 78' lang='lat' dir='ltr'>promisit</span> <span class='ocrx_word' id='word_1_84' title='bbox 659 1749 697 1809; x_wconf 86' lang='lat' dir='ltr'>et</span> <span class='ocrx_word' id='word_1_85' title='bbox 723 1738 835 1809; x_wconf 88' lang='lat' dir='ltr'>fidem</span> <span class='ocrx_word' id='word_1_86' title='bbox 860 1738 1058 1810; x_wconf 85' lang='lat' dir='ltr'>confessus</span> <span class='ocrx_word' id='word_1_87' title='bbox 1087 1749 1158 1833; x_wconf 76' lang='lat' dir='ltr'>est,</span> <span class='ocrx_word' id='word_1_88' title='bbox 1184 1761 1205 1808; x_wconf 94' lang='lat' dir='ltr'>a</span> <span class='ocrx_word' id='word_1_89' title='bbox 1231 1761 1302 1833; x_wconf 90' lang='lat' dir='ltr'>quo</span> <span class='ocrx_word' id='word_1_90' title='bbox 1331 1748 1368 1808; x_wconf 89' lang='lat' dir='ltr'>et</span> 
     </span>
     <span class='ocr_line' id='line_1_14' title="bbox 273 1837 1366 1935; baseline -0.001 -27"><span class='ocrx_word' id='word_1_91' title='bbox 273 1861 448 1910; x_wconf 86' lang='lat' dir='ltr'>coronam</span> <span class='ocrx_word' id='word_1_92' title='bbox 470 1838 648 1935; x_wconf 83' lang='lat' dir='ltr'>suscepit.</span> <span class='ocrx_word' id='word_1_93' title='bbox 725 1838 766 1910; x_wconf 91' lang='lat' dir='ltr'>In</span> <span class='ocrx_word' id='word_1_94' title='bbox 790 1837 972 1910; x_wconf 87' lang='lat' dir='ltr'>territorio</span> <span class='ocrx_word' id='word_1_95' title='bbox 988 1837 1229 1910; x_wconf 89' lang='lat' dir='ltr'>Cracoviensi</span> <span class='ocrx_word' id='word_1_96' title='bbox 1256 1848 1366 1908; x_wconf 90' lang='lat' dir='ltr'>natus</span> 
     </span>
     <span class='ocr_line' id='line_1_15' title="bbox 273 1936 1368 2034; baseline -0.003 -24"><span class='ocrx_word' id='word_1_97' title='bbox 273 1948 331 2010; x_wconf 88' lang='lat' dir='ltr'>est</span> <span class='ocrx_word' id='word_1_98' title='bbox 347 1962 440 2034; x_wconf 91' lang='lat' dir='ltr'>puer</span> <span class='ocrx_word' id='word_1_99' title='bbox 458 1962 542 2009; x_wconf 91' lang='lat' dir='ltr'>cum</span> <span class='ocrx_word' id='word_1_100' title='bbox 563 1938 748 2032; x_wconf 67' lang='lat' dir='ltr'>dentibus7</span> <span class='ocrx_word' id='word_1_101' title='bbox 769 1938 973 2034; x_wconf 87' lang='lat' dir='ltr'>qui-statim</span> <span class='ocrx_word' id='word_1_102' title='bbox 995 1948 1035 2008; x_wconf 89' lang='lat' dir='ltr'>ut</span> <span class='ocrx_word' id='word_1_103' title='bbox 1055 1949 1165 2010; x_wconf 88' lang='lat' dir='ltr'>natus</span> <span class='ocrx_word' id='word_1_104' title='bbox 1189 1949 1246 2010; x_wconf 90' lang='lat' dir='ltr'>est</span> <span class='ocrx_word' id='word_1_105' title='bbox 1268 1936 1368 2034; x_wconf 87' lang='lat' dir='ltr'>cepit</span> 
     </span>
     <span class='ocr_line' id='line_1_16' title="bbox 272 2037 1368 2136; baseline 0.002 -28"><span class='ocrx_word' id='word_1_106' title='bbox 272 2039 388 2136; x_wconf 77' lang='lat' dir='ltr'>loqni3</span> <span class='ocrx_word' id='word_1_107' title='bbox 409 2042 474 2111; x_wconf 86' lang='lat' dir='ltr'>sed</span> <span class='ocrx_word' id='word_1_108' title='bbox 491 2063 575 2111; x_wconf 92' lang='lat' dir='ltr'>cum</span> <span class='ocrx_word' id='word_1_109' title='bbox 593 2049 697 2112; x_wconf 90' lang='lat' dir='ltr'>esset</span> <span class='ocrx_word' id='word_1_110' title='bbox 715 2038 938 2135; x_wconf 70' lang='lat' dir='ltr'>baptizatus,</span> <span class='ocrx_word' id='word_1_111' title='bbox 957 2062 1044 2109; x_wconf 92' lang='lat' dir='ltr'>mox</span> <span class='ocrx_word' id='word_1_112' title='bbox 1063 2051 1101 2110; x_wconf 88' lang='lat' dir='ltr'>et</span> <span class='ocrx_word' id='word_1_113' title='bbox 1124 2041 1258 2110; x_wconf 88' lang='lat' dir='ltr'>dentes</span> <span class='ocrx_word' id='word_1_114' title='bbox 1278 2037 1368 2110; x_wconf 89' lang='lat' dir='ltr'>ami·</span> 
     </span>
     <span class='ocr_line' id='line_1_17' title="bbox 273 2139 1367 2237; baseline -0.003 -26"><span class='ocrx_word' id='word_1_115' title='bbox 273 2139 320 2211; x_wconf 89' lang='lat' dir='ltr'>sit</span> <span class='ocrx_word' id='word_1_116' title='bbox 348 2149 385 2210; x_wconf 87' lang='lat' dir='ltr'>et</span> <span class='ocrx_word' id='word_1_117' title='bbox 411 2140 610 2237; x_wconf 88' lang='lat' dir='ltr'>loquelam.</span> <span class='ocrx_word' id='word_1_118' title='bbox 664 2139 759 2212; x_wconf 83' lang='lat' dir='ltr'>Vixit</span> <span class='ocrx_word' id='word_1_119' title='bbox 786 2150 911 2210; x_wconf 90' lang='lat' dir='ltr'>autem</span> <span class='ocrx_word' id='word_1_120' title='bbox 938 2139 1054 2211; x_wconf 91' lang='lat' dir='ltr'>tribus</span> <span class='ocrx_word' id='word_1_121' title='bbox 1080 2139 1187 2210; x_wconf 87' lang='lat' dir='ltr'>annis</span> <span class='ocrx_word' id='word_1_122' title='bbox 1215 2149 1251 2209; x_wconf 89' lang='lat' dir='ltr'>et</span> <span class='ocrx_word' id='word_1_123' title='bbox 1271 2160 1367 2210; x_wconf 64' lang='lat' dir='ltr'>mor-⁴</span> 
     </span>
     <span class='ocr_line' id='line_1_18' title="bbox 271 2238 1366 2335; baseline 0 -25"><span class='ocrx_word' id='word_1_124' title='bbox 271 2249 356 2310; x_wconf 89' lang='lat' dir='ltr'>tuus</span> <span class='ocrx_word' id='word_1_125' title='bbox 378 2250 445 2311; x_wconf 91' lang='lat' dir='ltr'>est.</span> <span class='ocrx_word' id='word_1_126' title='bbox 498 2242 639 2312; x_wconf 89' lang='lat' dir='ltr'>Eodem</span> <span class='ocrx_word' id='word_1_127' title='bbox 666 2263 765 2310; x_wconf 88' lang='lat' dir='ltr'>anno</span> <span class='ocrx_word' id='word_1_128' title='bbox 794 2242 867 2310; x_wconf 89' lang='lat' dir='ltr'>dux</span> <span class='ocrx_word' id='word_1_129' title='bbox 892 2239 1029 2310; x_wconf 89' lang='lat' dir='ltr'>Lestco</span> <span class='ocrx_word' id='word_1_130' title='bbox 1057 2239 1203 2335; x_wconf 89' lang='lat' dir='ltr'>accepit</span> <span class='ocrx_word' id='word_1_131' title='bbox 1229 2238 1366 2310; x_wconf 89' lang='lat' dir='ltr'>iterum</span> 
     </span>
     <span class='ocr_line' id='line_1_19' title="bbox 271 2338 1473 2436; baseline -0.002 -24"><span class='ocrx_word' id='word_1_132' title='bbox 271 2339 490 2436; x_wconf 78' lang='lat' dir='ltr'>Gripbinar‘n</span> <span class='ocrx_word' id='word_1_133' title='bbox 516 2365 669 2412; x_wconf 85' lang='lat' dir='ltr'>uxorem</span> <span class='ocrx_word' id='word_1_134' title='bbox 691 2364 813 2433; x_wconf 72' lang='lat' dir='ltr'>suam,</span> <span class='ocrx_word' id='word_1_135' title='bbox 841 2364 913 2435; x_wconf 89' lang='lat' dir='ltr'>qna</span> <span class='ocrx_word' id='word_1_136' title='bbox 932 2340 1053 2411; x_wconf 86' lang='lat' dir='ltr'>fuerat</span> <span class='ocrx_word' id='word_1_137' title='bbox 1072 2341 1251 2436; x_wconf 88' lang='lat' dir='ltr'>privatus.</span> <span class='ocrx_word' id='word_1_138' title='bbox 1470 2338 1473 2347; x_wconf 79' lang='lat'>&#39;</span> 
     </span>
    </p>

    <p class='ocr_par' dir='ltr' id='par_1_5' title="bbox 267 2441 1444 3114">
     <span class='ocr_line' id='line_1_20' title="bbox 350 2441 1366 2538; baseline -0.004 -25"><span class='ocrx_word' id='word_1_139' title='bbox 350 2441 455 2513; x_wconf 79' lang='lat'>1275.</span> <span class='ocrx_word' id='word_1_140' title='bbox 484 2441 632 2537; x_wconf 88' lang='lat' dir='ltr'>quidam</span> <span class='ocrx_word' id='word_1_141' title='bbox 656 2466 748 2538; x_wconf 87' lang='lat' dir='ltr'>puer</span> <span class='ocrx_word' id='word_1_142' title='bbox 765 2441 825 2513; x_wconf 89' lang='lat' dir='ltr'>vix</span> <span class='ocrx_word' id='word_1_143' title='bbox 845 2441 988 2513; x_wconf 87' lang='lat' dir='ltr'>babens</span> <span class='ocrx_word' id='word_1_144' title='bbox 1009 2444 1101 2513; x_wconf 86' lang='lat' dir='ltr'>dnos</span> <span class='ocrx_word' id='word_1_145' title='bbox 1121 2465 1239 2512; x_wconf 91' lang='lat' dir='ltr'>annos</span> <span class='ocrx_word' id='word_1_146' title='bbox 1262 2447 1366 2533; x_wconf 70' lang='lat' dir='ltr'>natu,</span> 
     </span>
     <span class='ocr_line' id='line_1_21' title="bbox 271 2542 1379 2613; baseline 0.001 -2"><span class='ocrx_word' id='word_1_147' title='bbox 271 2543 425 2613; x_wconf 80' lang='lat' dir='ltr'>adstans</span> <span class='ocrx_word' id='word_1_148' title='bbox 462 2542 550 2613; x_wconf 87' lang='lat' dir='ltr'>dixit</span> <span class='ocrx_word' id='word_1_149' title='bbox 582 2542 685 2613; x_wconf 87' lang='lat' dir='ltr'>fratri</span> <span class='ocrx_word' id='word_1_150' title='bbox 716 2542 899 2613; x_wconf 78' lang='lat' dir='ltr'>Minorem</span> <span class='ocrx_word' id='word_1_151' title='bbox 932 2551 989 2611; x_wconf 91' lang='lat' dir='ltr'>ter</span> <span class='ocrx_word' id='word_1_152' title='bbox 1014 2542 1163 2613; x_wconf 88' lang='lat' dir='ltr'>dicens:</span> <span class='ocrx_word' id='word_1_153' title='bbox 1192 2542 1379 2612; x_wconf 63' lang='lat' dir='ltr'>Donrineb</span> 
     </span>
     <span class='ocr_line' id='line_1_22' title="bbox 272 2600 1444 2737; baseline 0.001 -27"><span class='ocrx_word' id='word_1_154' title='bbox 272 2640 341 2727; x_wconf 80' lang='lat' dir='ltr'>Qui</span> <span class='ocrx_word' id='word_1_155' title='bbox 363 2641 428 2712; x_wconf 87' lang='lat' dir='ltr'>ait:</span> <span class='ocrx_word' id='word_1_156' title='bbox 456 2643 640 2730; x_wconf 78' lang='lat' dir='ltr'>Quidvis?</span> <span class='ocrx_word' id='word_1_157' title='bbox 665 2644 712 2713; x_wconf 84' lang='lat' dir='ltr'>At</span> <span class='ocrx_word' id='word_1_158' title='bbox 737 2641 815 2713; x_wconf 80' lang='lat' dir='ltr'>itte:</span> <span class='ocrx_word' id='word_1_159' title='bbox 838 2642 1000 2733; x_wconf 68' lang='lat' dir='ltr'>Tartari,</span> <span class='ocrx_word' id='word_1_160' title='bbox 1026 2640 1165 2737; x_wconf 44' lang='lat' dir='ltr'>inquitp</span> <span class='ocrx_word' id='word_1_161' title='bbox 1180 2643 1317 2711; x_wconf 84' lang='lat' dir='ltr'>venient</span> <span class='ocrx_word' id='word_1_162' title='bbox 1333 2600 1444 2711; x_wconf 47' lang='lat' dir='ltr'>et&amp;</span> 
     </span>
     <span class='ocr_line' id='line_1_23' title="bbox 267 2739 1366 2836; baseline -0.001 -25"><span class='ocrx_word' id='word_1_163' title='bbox 267 2742 452 2834; x_wconf 81' lang='lat' dir='ltr'>procident</span> <span class='ocrx_word' id='word_1_164' title='bbox 478 2745 600 2836; x_wconf 80' lang='lat' dir='ltr'>capito</span> <span class='ocrx_word' id='word_1_165' title='bbox 627 2749 755 2814; x_wconf 83' lang='lat' dir='ltr'>vestra.</span> <span class='ocrx_word' id='word_1_166' title='bbox 810 2740 875 2813; x_wconf 88' lang='lat' dir='ltr'>Cui</span> <span class='ocrx_word' id='word_1_167' title='bbox 896 2741 1029 2812; x_wconf 87' lang='lat' dir='ltr'>frater:</span> <span class='ocrx_word' id='word_1_168' title='bbox 1059 2743 1144 2830; x_wconf 80' lang='lat' dir='ltr'>(luis</span> <span class='ocrx_word' id='word_1_169' title='bbox 1169 2742 1230 2811; x_wconf 84' lang='lat' dir='ltr'>tibi</span> <span class='ocrx_word' id='word_1_170' title='bbox 1255 2739 1366 2811; x_wconf 78' lang='lat' dir='ltr'>dicit?</span> 
     </span>
     <span class='ocr_line' id='line_1_24' title="bbox 271 2838 1366 2939; baseline -0.005 -25"><span class='ocrx_word' id='word_1_171' title='bbox 271 2841 337 2914; x_wconf 89' lang='lat' dir='ltr'>Cui</span> <span class='ocrx_word' id='word_1_172' title='bbox 364 2866 474 2937; x_wconf 87' lang='lat' dir='ltr'>puer:</span> <span class='ocrx_word' id='word_1_173' title='bbox 501 2842 609 2937; x_wconf 78' lang='lat' dir='ltr'>Deua,</span> <span class='ocrx_word' id='word_1_174' title='bbox 637 2841 765 2939; x_wconf 90' lang='lat' dir='ltr'>inquit.</span> <span class='ocrx_word' id='word_1_175' title='bbox 801 2844 848 2913; x_wconf 87' lang='lat' dir='ltr'>At</span> <span class='ocrx_word' id='word_1_176' title='bbox 879 2841 957 2912; x_wconf 84' lang='lat' dir='ltr'>itte:</span> <span class='ocrx_word' id='word_1_177' title='bbox 995 2842 1151 2913; x_wconf 81' lang='lat' dir='ltr'>Tinresne</span> <span class='ocrx_word' id='word_1_178' title='bbox 1177 2841 1262 2912; x_wconf 73' lang='lat' dir='ltr'>eos?</span> <span class='ocrx_word' id='word_1_179' title='bbox 1298 2838 1366 2910; x_wconf 89' lang='lat' dir='ltr'>Cui</span> 
     </span>
     <span class='ocr_line' id='line_1_25' title="bbox 272 2940 1364 3039; baseline -0.004 -27"><span class='ocrx_word' id='word_1_180' title='bbox 272 2966 383 3038; x_wconf 87' lang='lat' dir='ltr'>puer:</span> <span class='ocrx_word' id='word_1_181' title='bbox 421 2944 555 3037; x_wconf 77' lang='lat' dir='ltr'>Timeo,</span> <span class='ocrx_word' id='word_1_182' title='bbox 589 2946 674 3039; x_wconf 81' lang='lat' dir='ltr'>quia</span> <span class='ocrx_word' id='word_1_183' title='bbox 706 2942 889 3037; x_wconf 80' lang='lat' dir='ltr'>procident</span> <span class='ocrx_word' id='word_1_184' title='bbox 921 2943 1042 3035; x_wconf 82' lang='lat' dir='ltr'>capita</span> <span class='ocrx_word' id='word_1_185' title='bbox 1073 2948 1204 3014; x_wconf 83' lang='lat' dir='ltr'>vostra.</span> <span class='ocrx_word' id='word_1_186' title='bbox 1258 2940 1364 3027; x_wconf 80' lang='lat' dir='ltr'>Quod</span> 
     </span>
     <span class='ocr_line' id='line_1_26' title="bbox 271 3042 580 3114; baseline 0.003 -1"><span class='ocrx_word' id='word_1_187' title='bbox 271 3043 412 3113; x_wconf 83' lang='lat' dir='ltr'>factum</span> <span class='ocrx_word' id='word_1_188' title='bbox 433 3042 500 3114; x_wconf 87' lang='lat' dir='ltr'>fuit</span> <span class='ocrx_word' id='word_1_189' title='bbox 519 3042 580 3114; x_wconf 90' lang='lat' dir='ltr'>ita</span> 
     </span>
    </p>

    <p class='ocr_par' dir='ltr' id='par_1_6' title="bbox 243 3138 1365 3540">
     <span class='ocr_line' id='line_1_27' title="bbox 347 3138 1365 3236; baseline -0.002 -23"><span class='ocrx_word' id='word_1_190' title='bbox 347 3144 454 3216; x_wconf 78' lang='lat' dir='ltr'>12t6.</span> <span class='ocrx_word' id='word_1_191' title='bbox 482 3167 544 3215; x_wconf 90' lang='lat' dir='ltr'>res</span> <span class='ocrx_word' id='word_1_192' title='bbox 563 3141 748 3215; x_wconf 83' lang='lat' dir='ltr'>horribilis</span> <span class='ocrx_word' id='word_1_193' title='bbox 775 3152 814 3213; x_wconf 90' lang='lat' dir='ltr'>et</span> <span class='ocrx_word' id='word_1_194' title='bbox 838 3138 1018 3214; x_wconf 86' lang='lat' dir='ltr'>miranda</span> <span class='ocrx_word' id='word_1_195' title='bbox 1066 3143 1186 3213; x_wconf 92' lang='lat' dir='ltr'>Homo</span> <span class='ocrx_word' id='word_1_196' title='bbox 1214 3140 1365 3236; x_wconf 87' lang='lat' dir='ltr'>quidam</span> 
     </span>
     <span class='ocr_line' id='line_1_28' title="bbox 270 3239 1363 3339; baseline -0.002 -25"><span class='ocrx_word' id='word_1_197' title='bbox 270 3241 430 3315; x_wconf 88' lang='lat' dir='ltr'>crudelis</span> <span class='ocrx_word' id='word_1_198' title='bbox 464 3267 580 3339; x_wconf 90' lang='lat' dir='ltr'>super</span> <span class='ocrx_word' id='word_1_199' title='bbox 615 3267 803 3339; x_wconf 87' lang='lat' dir='ltr'>pauperes</span> <span class='ocrx_word' id='word_1_200' title='bbox 837 3253 874 3313; x_wconf 86' lang='lat' dir='ltr'>et</span> <span class='ocrx_word' id='word_1_201' title='bbox 902 3242 980 3314; x_wconf 89' lang='lat' dir='ltr'>suis</span> <span class='ocrx_word' id='word_1_202' title='bbox 1016 3242 1175 3313; x_wconf 90' lang='lat' dir='ltr'>dominis</span> <span class='ocrx_word' id='word_1_203' title='bbox 1204 3239 1363 3313; x_wconf 88' lang='lat' dir='ltr'>infidelis</span> 
     </span>
     <span class='ocr_line' id='line_1_29' title="bbox 271 3341 1364 3440; baseline -0.002 -25"><span class='ocrx_word' id='word_1_204' title='bbox 271 3367 356 3415; x_wconf 91' lang='lat' dir='ltr'>cum</span> <span class='ocrx_word' id='word_1_205' title='bbox 384 3343 489 3438; x_wconf 83' lang='lat' dir='ltr'>gravi</span> <span class='ocrx_word' id='word_1_206' title='bbox 521 3342 737 3416; x_wconf 87' lang='lat' dir='ltr'>infirmitate</span> <span class='ocrx_word' id='word_1_207' title='bbox 774 3342 945 3415; x_wconf 90' lang='lat' dir='ltr'>venisset</span> <span class='ocrx_word' id='word_1_208' title='bbox 976 3344 1020 3413; x_wconf 92' lang='lat' dir='ltr'>ad</span> <span class='ocrx_word' id='word_1_209' title='bbox 1045 3352 1191 3440; x_wconf 92' lang='lat' dir='ltr'>portam</span> <span class='ocrx_word' id='word_1_210' title='bbox 1219 3341 1364 3436; x_wconf 70' lang='lat' dir='ltr'>mortis7</span> 
     </span>
     <span class='ocr_line' id='line_1_30' title="bbox 243 3442 1363 3540; baseline -0.001 -26"><span class='ocrx_word' id='word_1_211' title='bbox 243 3527 246 3531; x_wconf 23' lang='lat'>¹</span> <span class='ocrx_word' id='word_1_212' title='bbox 270 3444 405 3515; x_wconf 86' lang='lat' dir='ltr'>fratres</span> <span class='ocrx_word' id='word_1_213' title='bbox 426 3442 487 3540; x_wconf 90' lang='lat' dir='ltr'>qui</span> <span class='ocrx_word' id='word_1_214' title='bbox 507 3444 629 3516; x_wconf 90' lang='lat' dir='ltr'>vocati</span> <span class='ocrx_word' id='word_1_215' title='bbox 649 3445 809 3539; x_wconf 85' lang='lat' dir='ltr'>fuerant</span> <span class='ocrx_word' id='word_1_216' title='bbox 837 3453 1019 3540; x_wconf 88' lang='lat' dir='ltr'>ceperunt</span> <span class='ocrx_word' id='word_1_217' title='bbox 1036 3444 1159 3540; x_wconf 89' lang='lat' dir='ltr'>ipsum</span> <span class='ocrx_word' id='word_1_218' title='bbox 1186 3442 1363 3513; x_wconf 82' lang='lat' dir='ltr'>inducere</span> 
     </span>
    </p>

    <p class='ocr_par' dir='ltr' id='par_1_7' title="bbox 182 3538 1431 4221">
     <span class='ocr_line' id='line_1_31' title="bbox 182 3538 1431 3642; baseline -0.003 -25"><span class='ocrx_word' id='word_1_219' title='bbox 182 3538 185 3547; x_wconf 50' lang='lat'><strong>⁴</strong></span> <span class='ocrx_word' id='word_1_220' title='bbox 271 3548 315 3617; x_wconf 90' lang='lat' dir='ltr'>ad</span> <span class='ocrx_word' id='word_1_221' title='bbox 343 3544 634 3617; x_wconf 87' lang='lat' dir='ltr'>confessionem.</span> <span class='ocrx_word' id='word_1_222' title='bbox 654 3545 796 3639; x_wconf 79' lang='lat' dir='ltr'>Quibus</span> <span class='ocrx_word' id='word_1_223' title='bbox 817 3543 1026 3642; x_wconf 87' lang='lat' dir='ltr'>respondit:</span> <span class='ocrx_word' id='word_1_224' title='bbox 1057 3545 1205 3636; x_wconf 81' lang='lat' dir='ltr'>Tempus</span> <span class='ocrx_word' id='word_1_225' title='bbox 1223 3543 1431 3639; x_wconf 81' lang='lat' dir='ltr'>quidem</span> 
     </span>
     <span class='ocr_line' id='line_1_32' title="bbox 270 3643 1365 3740; baseline -0.002 -25"><span class='ocrx_word' id='word_1_226' title='bbox 270 3670 309 3716; x_wconf 79' lang='lat' dir='ltr'>er·</span> <span class='ocrx_word' id='word_1_227' title='bbox 312 3671 333 3717; x_wconf 80' lang='lat' dir='ltr'>a</span> <span class='ocrx_word' id='word_1_228' title='bbox 337 3647 566 3739; x_wconf 80' lang='lat' dir='ltr'>tconfitcndi,</span> <span class='ocrx_word' id='word_1_229' title='bbox 582 3648 662 3717; x_wconf 85' lang='lat' dir='ltr'>set</span> <span class='ocrx_word' id='word_1_230' title='bbox 650 3670 723 3717; x_wconf 69' lang='lat' dir='ltr'>tnnc</span> <span class='ocrx_word' id='word_1_231' title='bbox 743 3671 779 3716; x_wconf 82' lang='lat' dir='ltr'>es</span> <span class='ocrx_word' id='word_1_232' title='bbox 782 3646 989 3740; x_wconf 80' lang='lat' dir='ltr'>tdenepatn</span> <span class='ocrx_word' id='word_1_233' title='bbox 1004 3643 1088 3715; x_wconf 82' lang='lat' dir='ltr'>midi</span> <span class='ocrx_word' id='word_1_234' title='bbox 1103 3650 1220 3737; x_wconf 84' lang='lat' dir='ltr'>potest</span> <span class='ocrx_word' id='word_1_235' title='bbox 1221 3668 1264 3714; x_wconf 85' lang='lat' dir='ltr'>os</span> <span class='ocrx_word' id='word_1_236' title='bbox 1281 3665 1365 3715; x_wconf 87' lang='lat' dir='ltr'>con·</span> 
     </span>
     <span class='ocr_line' id='line_1_33' title="bbox 269 3744 1364 3838; baseline -0.004 -23"><span class='ocrx_word' id='word_1_237' title='bbox 269 3750 308 3833; x_wconf 75' lang='lat' dir='ltr'>dt</span> <span class='ocrx_word' id='word_1_238' title='bbox 294 3746 399 3838; x_wconf 82' lang='lat' dir='ltr'>tendi,</span> <span class='ocrx_word' id='word_1_239' title='bbox 419 3752 579 3823; x_wconf 76' lang='lat' dir='ltr'>ttonrctt</span> <span class='ocrx_word' id='word_1_240' title='bbox 543 3746 720 3823; x_wconf 81' lang='lat' dir='ltr'>ttroditus</span> <span class='ocrx_word' id='word_1_241' title='bbox 738 3769 816 3817; x_wconf 84' lang='lat' dir='ltr'>sum</span> <span class='ocrx_word' id='word_1_242' title='bbox 829 3746 999 3838; x_wconf 80' lang='lat' dir='ltr'>potestati</span> <span class='ocrx_word' id='word_1_243' title='bbox 1013 3745 1213 3817; x_wconf 84' lang='lat' dir='ltr'>demonum</span> <span class='ocrx_word' id='word_1_244' title='bbox 1232 3744 1364 3814; x_wconf 86' lang='lat' dir='ltr'>Fratri·</span> 
     </span>
     <span class='ocr_line' id='line_1_34' title="bbox 270 3843 1365 3943; baseline -0.004 -25"><span class='ocrx_word' id='word_1_245' title='bbox 270 3850 338 3918; x_wconf 92' lang='lat' dir='ltr'>bus</span> <span class='ocrx_word' id='word_1_246' title='bbox 359 3857 487 3917; x_wconf 90' lang='lat' dir='ltr'>autem</span> <span class='ocrx_word' id='word_1_247' title='bbox 506 3846 628 3943; x_wconf 91' lang='lat' dir='ltr'>ipsum</span> <span class='ocrx_word' id='word_1_248' title='bbox 654 3849 699 3918; x_wconf 85' lang='lat' dir='ltr'>ad</span> <span class='ocrx_word' id='word_1_249' title='bbox 720 3844 972 3942; x_wconf 88' lang='lat' dir='ltr'>penitenciam</span> <span class='ocrx_word' id='word_1_250' title='bbox 1000 3843 1260 3917; x_wconf 88' lang='lat' dir='ltr'>inducentibus</span> <span class='ocrx_word' id='word_1_251' title='bbox 1287 3867 1365 3914; x_wconf 88' lang='lat' dir='ltr'>ma·</span> 
     </span>
     <span class='ocr_line' id='line_1_35' title="bbox 270 3944 1364 4043; baseline -0.001 -27"><span class='ocrx_word' id='word_1_252' title='bbox 270 3946 341 4041; x_wconf 71' lang='lat' dir='ltr'>gis,</span> <span class='ocrx_word' id='word_1_253' title='bbox 361 3971 408 4017; x_wconf 88' lang='lat' dir='ltr'>ne</span> <span class='ocrx_word' id='word_1_254' title='bbox 425 3947 627 4019; x_wconf 88' lang='lat' dir='ltr'>deDomini</span> <span class='ocrx_word' id='word_1_255' title='bbox 648 3949 869 4043; x_wconf 80' lang='lat' dir='ltr'>desperaret</span> <span class='ocrx_word' id='word_1_256' title='bbox 888 3946 1156 4038; x_wconf 68' lang='lat' dir='ltr'>misericordia,</span> <span class='ocrx_word' id='word_1_257' title='bbox 1175 3944 1244 4016; x_wconf 90' lang='lat' dir='ltr'>ait:</span> <span class='ocrx_word' id='word_1_258' title='bbox 1274 3946 1364 4016; x_wconf 85' lang='lat' dir='ltr'>Con·</span> 
     </span>
     <span class='ocr_line' id='line_1_36' title="bbox 268 4043 1365 4143; baseline -0.003 -25"><span class='ocrx_word' id='word_1_259' title='bbox 268 4048 370 4134; x_wconf 63' lang='lat' dir='ltr'>atteri,</span> <span class='ocrx_word' id='word_1_260' title='bbox 390 4046 520 4143; x_wconf 86' lang='lat' dir='ltr'>inquit</span> <span class='ocrx_word' id='word_1_261' title='bbox 547 4072 617 4119; x_wconf 86' lang='lat' dir='ltr'>non</span> <span class='ocrx_word' id='word_1_262' title='bbox 638 4072 788 4143; x_wconf 82' lang='lat' dir='ltr'>possum</span> <span class='ocrx_word' id='word_1_263' title='bbox 814 4051 899 4140; x_wconf 70' lang='lat' dir='ltr'>inin,</span> <span class='ocrx_word' id='word_1_264' title='bbox 924 4053 976 4119; x_wconf 83' lang='lat' dir='ltr'>set</span> <span class='ocrx_word' id='word_1_265' title='bbox 994 4050 1062 4119; x_wconf 85' lang='lat' dir='ltr'>cito</span> <span class='ocrx_word' id='word_1_266' title='bbox 1092 4044 1233 4117; x_wconf 82' lang='lat' dir='ltr'>oidebtt</span> <span class='ocrx_word' id='word_1_267' title='bbox 1207 4053 1251 4117; x_wconf 78' lang='lat' dir='ltr'>tto</span> <span class='ocrx_word' id='word_1_268' title='bbox 1269 4043 1365 4139; x_wconf 82' lang='lat' dir='ltr'>pnod</span> 
     </span>
     <span class='ocr_line' id='line_1_37' title="bbox 270 4144 1365 4221; baseline -0.003 -5"><span class='ocrx_word' id='word_1_269' title='bbox 270 4146 521 4219; x_wconf 70' lang='lat' dir='ltr'>traditiosam</span> <span class='ocrx_word' id='word_1_270' title='bbox 540 4150 575 4219; x_wconf 88' lang='lat' dir='ltr'>in</span> <span class='ocrx_word' id='word_1_271' title='bbox 594 4172 724 4221; x_wconf 81' lang='lat' dir='ltr'>manus</span> <span class='ocrx_word' id='word_1_272' title='bbox 743 4148 942 4221; x_wconf 77' lang='lat' dir='ltr'>derrtonnm.</span> <span class='ocrx_word' id='word_1_273' title='bbox 966 4148 1012 4219; x_wconf 88' lang='lat' dir='ltr'>Et</span> <span class='ocrx_word' id='word_1_274' title='bbox 1026 4145 1150 4218; x_wconf 85' lang='lat' dir='ltr'>statim</span> <span class='ocrx_word' id='word_1_275' title='bbox 1166 4144 1365 4217; x_wconf 82' lang='lat' dir='ltr'>audierunt</span> 
     </span>
    </p>
   </div>
   <div class='ocr_carea' id='block_1_3' title="bbox 0 0 1530 4900">
    <p class='ocr_par' dir='ltr' id='par_1_8' title="bbox 0 0 1530 4900">
     <span class='ocr_line' id='line_1_38' title="bbox 0 0 1530 4900; baseline 0 2"><span class='ocrx_word' id='word_1_276' title='bbox 0 0 1530 4900; x_wconf 95' lang='lat' dir='ltr'> </span> 
     </span>
    </p>
   </div>
   <div class='ocr_carea' id='block_1_4' title="bbox 268 3818 1506 4434">
    <p class='ocr_par' dir='ltr' id='par_1_9' title="bbox 268 3818 1506 4434">
     <span class='ocr_line' id='line_1_39' title="bbox 1501 3818 1506 3888; baseline 0 0"><span class='ocrx_word' id='word_1_277' title='bbox 1501 3818 1506 3888; x_wconf 81' lang='lat' dir='ltr'>i</span> 
     </span>
     <span class='ocr_line' id='line_1_40' title="bbox 268 4197 1505 4434; baseline -0.003 -115"><span class='ocrx_word' id='word_1_278' title='bbox 268 4245 364 4320; x_wconf 88' lang='lat' dir='ltr'>ictus</span> <span class='ocrx_word' id='word_1_279' title='bbox 379 4246 601 4321; x_wconf 90' lang='lat' dir='ltr'>durissimos</span> <span class='ocrx_word' id='word_1_280' title='bbox 617 4247 781 4346; x_wconf 86' lang='lat' dir='ltr'>quibus</span> <span class='ocrx_word' id='word_1_281' title='bbox 772 4272 895 4346; x_wconf 87' lang='lat' dir='ltr'>rpsum</span> <span class='ocrx_word' id='word_1_282' title='bbox 921 4245 1151 4344; x_wconf 81' lang='lat' dir='ltr'>affligebant</span> <span class='ocrx_word' id='word_1_283' title='bbox 1170 4244 1362 4319; x_wconf 89' lang='lat' dir='ltr'>neminem</span> <span class='ocrx_word' id='word_1_284' title='bbox 1428 4197 1505 4434; x_wconf 46' lang='lat'>⁴⁸</span> 
     </span>
    </p>
   </div>
  </div>
 </body>
</html>
