3050 4900
316 449 693 525 contrarotulo.
721 447 1020 523 POLONORUM
1036 446 1094 522 lll.
1202 449 1252 524 85

153 649 344 724 Avinionis
370 649 418 724 ibi
445 649 613 722 moritur
665 650 733 723 Cui
751 647 939 724 successit
954 649 1171 723 Bodzantha
1190 651 1253 722 de·

152 775 273 823 canus
297 774 367 848 per
392 749 648 848 provisionem
668 749 932 863 apostolicam

230 853 338 926 1346.
356 850 647 922 Bodzantha...
662 850 850 923 ,moritur
867 860 904 922 et
922 849 960 921 in
979 849 1144 923 ecclesia
1162 850 1249 924 Cra·
1218 846 1359 971 -fflp

153 950 321 1024 coviensi
346 951 561 1022 tumulatur.
610 905 701 1023 Post
727 950 800 1022 hoc
824 953 992 1024 secundo
1017 949 1076 1022 die
1104 948 1248 1023 mensis
1308 954 1315 966 ‘

150 1050 347 1125 Ianuarii
337 1076 374 1122 m
401 1049 561 1123 ecclesia
581 1050 824 1124 cracoviensi
842 1075 911 1149 per
928 1049 1131 1148 capitulum
1142 1072 1250 1122 'erus

152 1155 239 1225 (lem
260 1150 421 1224 ecclesie
440 1151 476 1223 in
491 1150 616 1222 locum
630 1151 860 1247 Bodzanthe‚
878 1154 1039 1225 domnus
1053 1150 1249 1222 Florianus

151 1251 399 1325 cancellarius
417 1250 672 1324 Lanciciensis
691 1251 729 1321 in
748 1251 970 1349 episcopum
990 1249 1140 1347 eligitur
1158 1260 1196 1322 et
1213 1253 1248 1326 9.

151 1353 211 1425 die
231 1351 402 1425 eiusdem
420 1351 564 1424 mensis
583 1375 652 1449 per
670 1354 850 1424 domnum
870 1351 1078 1424 laroslaum
1105 1349 1249 1423 archie-

149 1453 349 1551 piscopum
368 1451 635 1524 Gneznensem
655 1449 909 1524 confirmatur.

231 1556 336 1627 1370
369 1551 577 1624 Kazimirus
609 1576 676 1625 rex
703 1551 858 1624 Polonie
889 1551 978 1624 obiit
1008 1549 1103 1623 feria
1128 1549 1247 1622 tercia

150 1661 238 1725 ante
258 1652 357 1725 diem
377 1651 497 1725 sancti
515 1651 673 1724 lllartini.
717 1653 763 1724 Et
782 1662 863 1724 erat
879 1651 917 1723 in
936 1652 1009 1725 hac
1023 1651 1155 1724 sillaba
1173 1651 1247 1746 lire,
1256 1668 1305 1714 nov
1320 1668 1341 1716 ⁵

149 1751 325 1826 videlicet
357 1753 467 1846 Omne
493 1752 701 1824 Novembre.
751 1753 841 1826 Post
867 1752 975 1824 hoc
965 1777 1002 1823 m
1028 1751 1088 1828 die
1115 1708 1247 1824 sancte

148 1853 341 1942 Elisabeth
360 1839 521 1925 domnus
539 1851 734 1925 luodwicus
764 1875 831 1925 rex
857 1851 1131 1948 Ungarorum
1120 1876 1159 1923 m
1187 1875 1251 1923 eo·

149 1953 265 2027 clesia
285 1951 553 2029 Cracoviensi
544 1977 580 2025 m
600 1975 732 2048 regern
746 1952 899 2025 Polonie
918 1951 1123 2066 honorilice
1143 1974 1248 2023 coro-

148 2064 271 2127 natur.

227 2152 390 2228 137611n
408 2151 534 2249 vigilia
557 2152 684 2250 vigilie
709 2153 877 2226 omnium
905 2162 1124 2226 sanctorum
1145 2148 1247 2224 Lith·
1255 2175 1356 2226 oneo.

148 2253 244 2328 wani
264 2267 447 2326 nocturno
465 2264 638 2351 tempore
656 2254 757 2325 nullo
776 2253 992 2350 presciente
1017 2253 1247 2326 diffuderunt

148 2379 190 2428 se
210 2355 308 2427 circa
327 2355 495 2447 Wyslam
517 2377 561 2426 ex
575 2354 747 2452 opposito
763 2353 998 2430 Sandomirie
1012 2363 1165 2426 vastare
1183 2376 1245 2426 ce-

147 2466 292 2555 perant.
341 2457 386 2527 Et
405 2458 452 2530 23
473 2454 574 2527 milia
593 2456 789 2528 hominum
808 2465 989 2553 ceperunt
1006 2454 1142 2553 partim
1162 2477 1247 2551 per-

148 2566 322 2629 emerunt
352 2555 390 2627 in
422 2578 584 2628 ascenso
614 2555 786 2629 eiusdem
811 2558 855 2627 ad
884 2556 1081 2629 duodecim
1106 2555 1170 2627 vel
1199 2555 1243 2628 13
1356 2580 1359 2585 ·

145 2656 305 2731 miliaria
323 2656 401 2753 igni
420 2666 458 2728 et
475 2656 599 2751 gladio
619 2667 752 2729 cuncta
772 2666 1054 2729 consumentes.
1100 2654 1243 2727 Eodem

146 2781 245 2830 anno
277 2756 429 2854 quidam
460 2756 606 2829 nobiles
638 2767 738 2830 terre
764 2756 1026 2833 Cracoviensis
1056 2754 1245 2828 dominica

143 2857 298 2953 populus
324 2857 423 2949 Syon
450 2856 667 2929 occiderunt
690 2858 829 2929 multos
854 2858 1027 2953 Ungaros
1057 2855 1244 2928 existente
1268 2876 1354 2924 near.

146 2956 300 3054 antiqua
319 2955 646 3052 dominaUngarie
665 2956 702 3029 in
723 2967 847 3030 castro
863 2956 1104 3031 Craooviensi
1122 2978 1242 3053 penes

30 3070 36 3083 '
146 3056 268 3131 sancti
286 3055 404 3153 Egidii
423 3056 624 3131 ecclesiam
644 3062 713 3130 sub
733 3068 866 3130 castro.

223 3160 330 3232 1378.
349 3157 522 3230 (lominus
541 3158 698 3233 Carolus
718 3157 924 3257 imperator
948 3155 1038 3230 obiit
1057 3156 1096 3244 in
1114 3154 1242 3252 vigilia

145 3260 266 3332 sancti
279 3258 429 3330 Andree
444 3282 560 3356 super
573 3268 735 3331 noctem.
798 3260 940 3331 Eodem
960 3281 1059 3329 anno
1079 3255 1352 3339 surrexituoqu,

145 3358 297 3470 quidam
315 3358 492 3456 antipapa
510 3358 663 3433 nomine
682 3360 860 3433 Clemens
877 3358 953 3431 ΧΠ.
973 3358 1035 3456 qui
1055 3368 1135 3430 erat
1152 3366 1241 3428 ante

145 3457 344 3531 cardinalis
363 3460 590 3533 Eberiensis.

223 3559 330 3631 1380.
368 3558 563 3633 Florianus
605 3560 808 3659 episcopus
849 3557 1113 3632 Craooviensis
1151 3555 1242 3628 obiit

96 3688 98 3693 ’
143 3656 238 3729 feria
258 3658 480 3731 secundam
496 3660 558 3734 die
586 3665 695 3734 beate
722 3661 914 3734 Dorothee
942 3658 1098 3771 virginis
1125 3680 1319 3801 superum
1299 3684 1352 3731 e

144 3768 307 3831 noctem.

220 3858 327 3971 1386.
346 3857 500 3932 illustris
518 3858 696 3959 princeps
714 3862 821 3959 logel
845 3883 1048 3957 supremus
1072 3857 1242 3950 Lytlrwa-

143 3982 275 4032 norum
297 3958 331 4031 in
349 3983 480 4055 regem
494 3960 722 4035 Polonorum
738 3972 939 4034 coronatur
952 3960 989 4079 in
1004 3958 1213 4033 Ciacovia
1203 3982 1241 4029 m

144 4059 307 4133 crastino
328 4060 663 4134 sanctiValentini.
1251 4094 1306 4138 n
1322 4092 1351 4139 15

221 4162 329 4235 1410.
348 4186 415 4235 rex
434 4160 661 4236 Wladislaus
681 4160 862 4234 Polonie
853 4185 890 4231 m
918 4182 1052 4257 campo
1073 4183 1135 4256 qur
1126 4155 1242 4228 aici-

145 4270 206 4332 tur
230 4260 468 4336 Grinwaltlr
460 4288 496 4336 m
516 4274 617 4337 terra
636 4262 914 4360 Pruthinorurn,
933 4264 1030 4359 quod
1051 4260 1164 4333 situm
1183 4266 1243 4331 est
1351 4294 1353 4298 ·

1514 4027 1515 4070 l

1514 4115 1516 4166 l
