3050 4900
264 451 378 545 vlu¹
484 531 491 544 ,
673 449 947 525 erasmum.

268 675 359 747 mus,
378 657 418 724 ut
433 650 584 723 annales
596 649 701 724 huius
713 654 827 746 qentis
840 673 970 747 aqmea
984 650 1138 724 alionum
1152 646 1360 721 clauderent

267 771 448 843 constituit
465 775 571 864 atque
588 771 738 842 curauit.

342 886 487 982 Maqnis
510 888 618 983 iqitur
641 911 707 983 per
734 886 899 960 Silesiam
917 885 1105 958 Polouiam
1124 883 1301 956 Galiciam
1326 887 1361 953 ct

266 1005 434 1077 Russium
460 1005 642 1077 itineribus
667 1007 850 1098 susceptis,
875 1003 1075 1098 perquisitis
1094 1000 1359 1098 quamplurium

266 1130 301 1195 et
311 1122 538 1218 publicarum
558 1129 592 1194 et
605 1124 834 1216 priuatarum
852 1119 1145 1193 bibliothecarum
1167 1120 1357 1209 thesauris,

266 1241 361 1321 datis
384 1264 452 1335 per
476 1241 751 1328 munificentiam
780 1241 909 1311 miram
935 1241 1120 1324 fautorum
1149 1243 1357 1310 nostrorum

267 1358 410 1432 auciliis
434 1358 635 1446 litterariis,
669 1381 761 1453 quae
787 1358 855 1452 ipsi
882 1363 1001 1451 petere
1030 1380 1102 1428 non
1130 1362 1355 1450 poteramus,

265 1500 359 1548 nunc
384 1477 435 1549 ad
457 1475 495 1548 id
517 1477 759 1571 pervenimus,
786 1481 827 1547 ut
848 1497 892 1548 ec
916 1498 1054 1570 maqaa
1077 1473 1240 1547 codicum
1264 1473 1358 1546 mole

262 1595 384 1688 prima
401 1596 474 1666 vice
489 1616 690 1688 proponere
704 1595 886 1688 possimus
903 1594 989 1665 uiris
1005 1592 1176 1665 historiae
1188 1591 1360 1665 studiosis

266 1735 388 1786 ornnes
410 1712 581 1785 Potoniae
609 1712 761 1785 annales
788 1710 933 1784 landem
959 1709 1155 1807 aliquando
1180 1709 1357 1804 collectos,

265 1837 458 1924 correctos,
477 1829 696 1925 emendatos,
715 1853 866 1925 quorum
885 1828 977 1902 alios
992 1829 1151 1902 nondum
1163 1830 1358 1922 impressos

263 1951 385 2042 fuisse,
414 1950 518 2043 alios,
544 1949 708 2044 quamuis
730 1948 800 2021 luci
817 1946 896 2020 dati
910 1949 1071 2042 tuissent,
1098 1951 1219 2019 tamen
1237 1936 1358 2019 adhuc

264 2067 477 2142 deterruissc
494 2068 613 2162 maqis
630 2089 738 2162 quarn
757 2065 922 2138 allecisse
938 2065 1088 2138 lectores
1108 2087 1152 2138 ea
1169 2071 1284 2138 leatus
1301 2066 1359 2138 sui

263 2191 373 2279 statu,
399 2186 478 2279 quis
495 2186 624 2280 estqui
640 2185 797 2258 nesciat?

338 2301 490 2374 Polouia
513 2303 550 2374 in
576 2300 671 2374 duas
694 2308 776 2374 erat
792 2302 908 2376 diuisa
919 2303 1142 2397 prouincias,
1167 2301 1356 2374 Palaniam
1423 2320 1427 2326 ·

265 2422 436 2493 minorem
451 2426 484 2492 et
498 2420 681 2493 maiorem.
703 2420 818 2515 Caput
835 2420 1163 2494 minorisPoloniae
1176 2427 1256 2493 erat
1267 2421 1355 2494 Cra-

265 2542 367 2612 cooia
389 2540 485 2633 urbs,
507 2538 559 2611 ad
580 2540 700 2634 ripam
721 2538 872 2612 Vistulae
888 2541 985 2625 tlucii
999 2542 1084 2633 sita,
1102 2541 1138 2611 in
1156 2539 1356 2613 vallesalis

265 2681 419 2731 amoena
439 2664 473 2729 et
486 2659 677 2753 truqifern,
704 2657 765 2729 ubi
781 2659 917 2731 emireus
936 2657 1200 2752 Carpathorum
1218 2665 1356 2731 montes

264 2776 338 2849 albi
355 2782 548 2848 cernuntur
563 2782 596 2847 el
608 2777 721 2849 ubivis
734 2784 963 2865 monumenta
976 2777 1115 2872 pieriae
1127 2776 1355 2851 Polonorum.

262 2894 345 2968 Hac
362 2897 398 2967 in
424 2896 511 2987 urbe
533 2896 654 2989 prima
679 2898 827 2989 uestiqia
851 2898 942 2968 artis
958 2896 1131 2968 historiae
1147 2895 1357 2968 scribendae

263 3014 470 3106 invenimus,
496 3036 589 3109 quae
608 3013 752 3086 aliunde
771 3013 886 3085 allata
904 3014 1227 3087 continuationibus
1245 3020 1357 3088 aucta

263 3139 354 3203 sunt.
393 3132 518 3203 liceat
533 3130 634 3204 uobis
650 3130 721 3203 huc
738 3132 776 3203 in
786 3132 1020 3226 praefatione
1039 3130 1211 3203 disserere
1230 3130 1273 3203 dc
1291 3155 1357 3204 aa·

262 3248 405 3323 nulibus
423 3255 456 3320 et
470 3249 764 3322 Cracouiensibus
782 3255 815 3321 et
832 3247 1012 3321 derivatis.
1046 3248 1271 3344 Quamquam
1285 3247 1354 3335 dif-

261 3367 454 3457 ficillimum
473 3372 527 3440 esi
543 3366 743 3439 discernere
761 3391 854 3463 quae
867 3365 1052 3439 annalium
1065 3367 1189 3452 torma
1202 3367 1248 3437 sit
1262 3368 1354 3438 centi-

263 3487 455 3583 qnissima,
499 3508 607 3581 quarn
641 3508 734 3581 quae
769 3491 914 3557 castani
945 3507 1067 3556 omues
1103 3482 1355 3558 adnotationes

264 3602 487 3677 authenticae
511 3626 583 3676 nou
607 3606 677 3676 sint
705 3603 970 3697 aestimandae,
1004 3602 1069 3675 sed
1093 3602 1355 3697 compilationis

263 3720 318 3795 cel
333 3720 565 3794 derivationis
582 3720 698 3793 locum
716 3722 784 3794 sibi
796 3727 933 3793 lantum
949 3720 1144 3814 aindiceut3
1162 3720 1356 3795 cohaerent

262 3846 382 3912 tamen
400 3862 523 3912 omues
539 3837 575 3911 hi
592 3839 744 3912 annales
762 3847 837 3911 tam
857 3846 956 3913 arcte
974 3842 1066 3914 iuter
1082 3865 1131 3933 se,
1158 3846 1199 3912 ut
1217 3841 1264 3913 sit
1280 3845 1354 3913 sta·
1413 3925 1416 3928 ,

262 3952 414 4031 luendus
431 3960 628 4031 communis
646 3957 806 4053 quidam,
833 3957 951 4032 adhuc
969 3958 1173 4053 deperditus
1189 3960 1284 4055 tons,
1311 3983 1374 4031 ea-

263 4100 332 4173 quo
363 4098 485 4150 carnes
517 4078 688 4173 oriqinem
724 4083 961 4173 sumpserunt.
1012 4078 1199 4151 liastitisse
1234 4083 1354 4150 autem

264 4195 446 4289 eaemplar
477 4197 664 4270 annalium
695 4197 926 4291 antiquorum
957 4196 1154 4269 Cracooiae
1185 4193 1356 4269 docemur

1504 815 1509 937 i
