3050 4900
292 431 365 502 114
528 425 743 500 ANNALES
771 424 1144 504 MDCHOVIENSDS.

287 626 442 702 Litwam
468 636 505 698 et
529 626 692 699 Rutheni
720 625 907 700 interfecti
946 638 1045 701 sunt.
1112 629 1255 702 Eodem
1283 653 1383 701 enno

129 806 138 830 ,
215 727 471 825 sen-inagister
495 750 657 823 magnus
691 728 939 800 Protenorum
971 751 1063 824 rege
1089 729 1293 803 Wladislao
1320 733 1384 802 ab·

288 840 411 926 sente,
425 827 644 902 subintravit
660 851 820 924 regnum
839 827 992 903 Polonie
1011 839 1048 901 et
1061 828 1199 902 ibidem
1213 828 1379 901 infinitas

288 930 395 1003 villas
421 938 457 1000 et
489 928 661 1001 civitates
689 929 871 1000 cremavit
896 928 933 1000 in
958 940 1059 1001 terra
1085 929 1318 1024 Cuyawiensi
1345 939 1384 1000 et

287 1029 369 1104 aliis
390 1029 750 1102 circumiacentibus.
806 1029 901 1102 item
916 1032 1050 1101 eodem
1064 1054 1163 1101 anno
1179 1053 1253 1126 quo
1268 1053 1384 1126 snpra

286 1155 354 1204 rex
376 1128 603 1203 Wladislaus
617 1129 759 1226 recepit
779 1139 929 1202 nostras
953 1129 1076 1227 villas,
1101 1129 1277 1202 videlicet
1302 1129 1385 1202 Sta·

252 1301 255 1306 .
285 1255 431 1327 wyany,
448 1231 726 1326 Wroczyrsysz,
744 1229 967 1323 ladownyky
1001 1240 1039 1303 et
1069 1230 1161 1303 alias
1190 1229 1382 1302 circumis·

289 1341 440 1426 centro,
472 1340 509 1403 et
540 1329 641 1402 dedit
670 1329 774 1427 ipsas
807 1329 1027 1425 quibusdam
1046 1330 1230 1403 nobilibus
1249 1330 1384 1427 quibus

287 1433 438 1504 fuerant
455 1434 552 1502 bona
580 1441 746 1502 cremata
773 1429 810 1500 in
837 1440 937 1502 terra
963 1431 1207 1526 Cuynvimsi,
1245 1441 1282 1502 et
1309 1430 1381 1502 iste

193 1530 375 1604 noveville
403 1531 554 1602 luorum
579 1541 732 1628 recepte
760 1529 875 1602 tercia
905 1530 965 1602 die
992 1541 1080 1602 onte
1107 1533 1247 1604 festum
1262 1530 1384 1602 sancti

288 1631 447 1704 Martini.

363 1732 459 1804 item
478 1753 576 1802 anno
596 1727 745 1802 Domini
766 1731 874 1804 1432.
903 1730 1064 1802 domnus
1083 1730 1272 1802 lohannes
1299 1753 1383 1828 pre·

287 1831 433 1930 positus
452 1827 762 1924 Myeohowiensis
782 1828 983 1926 inpetravit
1009 1833 1107 1928 apud
1126 1833 1306 1902 domnum
1325 1854 1384 1903 re-

286 1955 376 2030 gem
397 1933 493 2028 quod
511 1929 598 2002 ville
618 1928 783 2028 predicte
802 1930 952 2003 luerunt
970 1931 1076 2004 nobis
1094 1931 1177 2003 vice
1195 1954 1306 2003 versa
1324 1955 1383 2004 re-

178 2055 220 2098 ni.
242 2033 416 2106 restitute
431 2031 466 2102 in
482 2031 580 2103 festo
594 2039 727 2102 sancte
741 2030 887 2102 Marthe
901 2031 1051 2128 hospite
1067 2031 1204 2106 Christi
1219 2031 1256 2102 in
1269 2031 1382 2104 Bowa

287 2143 376 2233 post
394 2133 645 2225 Radossycze

362 2233 455 2305 Item
482 2255 580 2304 anno
599 2229 747 2304 Domini
777 2232 885 2305 1433.
913 2233 1074 2304 domnus
1094 2231 1281 2304 lohannes
1300 2255 1384 2330 pre·

288 2333 433 2431 positus
447 2330 749 2426 Myechoviensis
769 2354 856 2402 cum
871 2355 940 2403 suo
962 2341 1147 2405 conventu
1166 2331 1235 2404 fuit
1249 2332 1383 2406 citatus

288 2435 326 2507 in
346 2431 501 2506 Perusio
521 2434 567 2506 od
592 2431 812 2529 generalem
838 2431 1014 2529 priorem.
1095 2433 1237 2506 Eodem
1264 2433 1384 2506 eciam

288 2558 387 2609 anno
406 2533 579 2606 similiter
605 2532 739 2605 citatur
767 2535 812 2604 ad
842 2533 1040 2605 concilium
1071 2533 1321 2607 Basiliensem
1347 2545 1386 2607 et
1487 2577 1488 2580 =

285 2636 425 2709 ibidem
444 2634 512 2706 fuit
536 2632 729 2706 absolutus
757 2635 802 2703 ab
831 2631 1009 2705 instantia
1035 2633 1170 2731 prioris
1194 2634 1383 2729 generalis
1486 2653 1489 2677 ²

288 2733 536 2809 Perusiensis.
599 2734 742 2805 Eodem
757 2756 855 2803 anno
871 2756 1072 2829 regressus
1087 2735 1255 2830 prefatus
1269 2757 1384 2807 vene-

286 2836 413 2909 rabilis
425 2845 532 2933 pater
545 2836 591 2907 de
605 2833 754 2906 Basilea
766 2841 803 2904 et
813 2856 888 2903 non
902 2833 1044 2906 invenit
1055 2837 1208 2906 domum
1222 2833 1273 2906 ita
1288 2833 1385 2907 sicut
1486 2860 1489 2893 ³

178 2963 229 3005 nai.
242 2959 279 3009 31.
289 2961 374 3011 earn
394 2935 622 3032 relinquerat
641 2937 707 3006 sed
726 2934 764 3003 in
783 2933 911 3007 multis
931 2932 1247 3032 dampnificatam.

361 3036 456 3108 ltem
482 3060 579 3107 anno
603 3032 753 3107 Domini
788 3036 896 3107 1434.
923 3034 1017 3107 feria
1051 3038 1220 3107 secunde
1252 3036 1289 3107 in
1325 3034 1383 3108 die

287 3136 499 3208 Petronelle
523 3133 679 3231 virginis
712 3133 981 3230 serenissimus
1007 3134 1183 3232 princeps
1208 3144 1247 3207 et
1270 3133 1385 3207 domi·

144 3266 151 3285 ·
288 3261 360 3309 nus
380 3235 607 3309 Wladislaus
635 3234 728 3305 alias
755 3235 871 3330 lagol‚
899 3235 1057 3307 nacione
1083 3235 1291 3331 Litwanus‚
1318 3259 1384 3307 rex

288 3336 459 3431 polonie,
486 3346 656 3407 mortuus
677 3343 737 3407 est
755 3344 793 3405 et
811 3337 946 3407 eodem
965 3347 1137 3433 tempore
1155 3334 1225 3407 fuit
1243 3358 1384 3431 magna

288 3461 378 3535 spes
408 3460 429 3507 a
455 3434 683 3533 pauperibus
712 3433 897 3507 nobilibus
923 3438 969 3507 de
989 3436 1114 3507 heresi
1135 3445 1173 3507 et
1190 3434 1383 3533 predonio⁷

288 3542 354 3613 scd
374 3536 548 3610 dominus
566 3536 669 3607 Deus
687 3558 757 3633 per
776 3534 908 3607 merita
927 3535 1048 3608 sancti
1066 3535 1246 3609 Stanislai
1265 3534 1385 3624 nostri

288 3637 442 3736 gloriosi
462 3636 607 3734 petroni
626 3633 847 3735 pacificavit.
972 3696 975 3702 .

363 3738 457 3810 ltem
477 3740 611 3810 eodem
630 3760 729 3809 anno
750 3759 821 3832 quo
841 3759 956 3833 supra
974 3734 1200 3809 venerabilis
1223 3737 1384 3809 domnus

287 3839 477 3913 lohannes
497 3836 711 3935 prepositus
726 3835 1030 3931 lllyechoviensis
1049 3836 1149 3935 cepit
1166 3834 1384 3909 reedificare

288 3942 436 4011 stubam
451 3940 497 4011 de
512 3938 756 4010 fundamento
772 3947 859 4009 ante
875 3937 1069 4036 antiquum
1085 3936 1286 4010 cellarium.
1313 3935 1385 4007 Do·

289 4039 413 4113 minus
427 4039 530 4111 Deus
547 4040 611 4110 det
629 4036 698 4110 sibi
717 4036 905 4134 premium
923 4038 962 4110 in
980 4038 1062 4111 celo
1082 4037 1169 4136 quia
1188 4060 1254 4133 pro
1274 4037 1384 4108 domo

216 4136 222 4146 ’
288 4139 358 4213 isto
376 4137 537 4211 fideliter
554 4136 737 4211 laboravit
755 4147 825 4209 etc.
