3050 4900
249 517 253 527 .
294 449 340 519 44
376 447 538 522 CATAL.
558 447 890 524 EPISCOPORUM
910 447 1302 522 CRACOVIENSIUM.

293 647 475 720 1113113333.
504 649 642 722 Gedco.
666 648 789 721 Fulco.
821 648 1072 721 Winceacius.
1103 648 1178 720 lvo.
1209 647 1383 722 Wizlaus.

292 748 489 846 Praadota7
518 754 587 823 sub
605 773 689 846 quo
708 749 829 821 dictus
848 753 980 820 beatus
998 749 1219 841 Stanyzlaas
1240 749 1383 847 episco-

291 872 362 944 pus
393 859 431 920 et
459 849 587 921 martir
612 849 800 944 gloriosus
836 849 1076 921 canonizatur
1111 858 1148 920 et
1184 850 1381 946 cathalogo

292 959 507 1037 sanctorum
548 949 755 1022 ascribitur.
815 948 964 1022 Paulus.
1025 949 1266 1046 Procoppius.
1327 951 1382 1021 13-

291 1034 577 1122 hannesdictus
604 1051 810 1122 6133313313.
846 1049 1056 1122 Nenkerus
1089 1049 1499 1131 13333333633,

290 1148 408 1220 donis.
444 1150 576 1222 Petrus
604 1151 677 1222 dict
663 1160 722 1221 tus
750 1149 898 1262 Syrzicz
926 1150 1210 1222 2633633163
1238 1149 1381 1246 episco-

291 1271 360 1345 pus
389 1249 487 1320 obiit.
540 1250 733 1322 Florianus
765 1250 965 1348 episcopus
985 1249 1257 1321 Cracoviensis
1310 1251 1378 1322 Za·

289 1347 427 1420 vissius
457 1349 656 1449 episcopas
683 1349 956 1423 Cracoviensis.
1003 1350 1191 1420 lohannes
1225 1350 1378 1422 Radliza

289 1448 491 1546 episcopus
512 1450 773 1524 Cracoviensis
803 1453 862 1523 30.
912 1449 1043 1521 Petrus
1066 1449 1265 1562 episcopus
1291 1452 1378 1524 Cra-

289 1548 476 1622 coviensis
504 1561 540 1622 et
565 1553 695 1622 doctor
722 1549 915 1647 utriusque
937 1549 1040 1644 iuri-s,
1067 1551 1150 1647 pius
1179 1560 1299 1647 pater,
1319 1555 1376 1624 31.

287 1648 460 1722 Albertus
488 1650 564 1722 last
566 1656 759 1723 rzambecz
788 1654 833 1722 de
860 1649 1043 1722 Lubaicza
1070 1653 1128 1724 32.
1188 1650 1375 1746 Sbigneas

287 1749 438 1823 lohaais
459 1751 822 1824 630133313313333.
858 1750 1024 1821 Thomas
1050 1752 1095 1822 de
1127 1749 1376 1849 StrzampniQ

287 1851 508 1944 (13313334.
553 1850 709 1924 lacobus
735 1855 781 1923 de
807 1849 967 1943 Szemio,
994 1853 1040 1922 de
1066 1852 1176 1921 domo
1193 1851 1375 1924 Dambno.

286 1946 473 2025 lohannes
489 1951 721 2046 chszinsky
739 1954 785 2023 de
804 1953 915 2022 domo
934 1952 1065 2023 Rosze.
1083 1950 1270 2023 lohannes
1288 1951 1375 2023 Lut-

284 2050 394 2122 kcnis
428 2054 473 2123 de
504 2051 680 2146 Brzesze,
712 2051 906 2147 utriusque
933 2051 1023 2121 iaris
1043 2053 1173 2123 doctor
1193 2053 1239 2122 de
1263 2053 1373 2123 domo

283 2151 433 2224 Dolura.
469 2151 656 2225 lohannes
675 2149 974 2243 Rzeschawszky
993 2153 1160 2223 dedomo
1178 2152 1373 2224 Polukcze.

585 2455 1070 2486 *-

502 2792 751 2878 3333333
786 2794 1124 2923 3333333333.

278 2908 476 3038 Annales,
503 2970 591 3040 quos
613 2946 648 3015 ia
670 2941 831 3039 quatuor
852 2946 980 3029 formis
1004 2945 1107 3016 uobis
1137 2952 1372 3017 servaverunt

279 3051 430 3146 codices,
451 3054 649 3125 arctissime
673 3076 752 3123 cum
777 3055 901 3123 ceteris
926 3052 1134 3145 canalibus,
1159 3054 1196 3123 ia
1219 3056 1369 3144 praesa-

278 3152 373 3224 iiaae
389 3151 550 3247 qenerali
567 3155 867 3244 commemoratis,
887 3152 1086 3243 cohaereat,
1110 3174 1215 3246 quum
1237 3153 1370 3222 Cracc-

278 3252 356 3323 uiae
374 3254 526 3346 scriptos
545 3258 579 3323 ei
600 3253 805 3347 errantique
832 3253 930 3337 faute
947 3252 1097 3323 haustos
1122 3274 1198 3321 esse
1222 3253 1269 3320 sit
1293 3257 1369 3321 sta-

276 3351 455 3423 ruendum.
485 3352 583 3441 Quae
598 3358 715 3423 auteur
725 3354 849 3437 forma
862 3352 1043 3445 antiquior
1053 3354 1109 3443 sit,
1127 3373 1200 3420 rica
1214 3356 1368 3444 consur,

273 3454 486 3544 praesertim
506 3475 612 3547 quuru
631 3451 771 3524 codices
784 3475 856 3522 aaa
875 3457 957 3521 aare
975 3471 1110 3521 acaum
1133 3451 1227 3522 1340
1244 3453 1369 3543 scripti

275 3550 327 3622 ad
342 3574 409 3629 aas
428 3554 595 3645 venerint,
614 3554 721 3623 immo
741 3574 824 3622 uero
843 3572 966 3621 eorum
983 3552 1102 3621 maior
1116 3574 1206 3644 pars
1226 3549 1366 3621 demum

274 3651 419 3723 saeculo
439 3653 574 3723 decimo
594 3654 714 3745 quicto
733 3656 889 3723 exarata
906 3651 961 3721 sii.
995 3649 1075 3721 lam
1096 3675 1209 3744 supra
1228 3654 1366 3722 moaui·

274 3774 364 3844 urus,
384 3754 501 3847 maqis
520 3751 689 3823 accedere
707 3752 857 3823 annales
876 3756 1020 3823 austros
1038 3751 1090 3823 ad
1107 3751 1259 3823 aaaales
1278 3752 1366 3824 Cra-

251 3852 453 3924 'couieases
471 3850 695 3945 compilatos,
725 3856 845 3923 tamea
869 3873 912 3921 ear
936 3852 979 3922 iis
996 3874 1068 3923 aaa
1094 3858 1177 3923 sunt
1200 3851 1362 3944 derivati,

133 3978 137 3987 ·
273 3951 370 4043 quia,
385 3958 423 4022 ut
437 3958 624 4045 perspectu
641 3951 748 4036 facile
767 3957 830 4044 est,
860 3950 1040 4045 lauciores
1069 3951 1138 4024 iliis
1161 3959 1259 4038 suat,
1279 3975 1362 4046 per-

273 4050 460 4147 multisque
477 4052 520 4123 de
539 4052 643 4123 rebus
661 4056 834 4145 tractant,
858 4075 949 4146 quas
971 4054 1112 4136 frustra
1129 4052 1178 4122 ibi
1200 4073 1362 4146 quaeres.

272 4148 343 4243 Sic,
363 4156 400 4222 ut
415 4174 536 4244 pauca
555 4158 694 4223 tantum
714 4157 876 4247 tanqam,
895 4147 1075 4223 coatiaeat
1097 4153 1245 4223 aomina
1263 4154 1362 4246 quia-

271 4273 338 4345 que
365 4252 564 4346 priarorum
598 4254 845 4345 episcoporum
872 4252 1175 4345 Cracovieasium,
1200 4258 1232 4323 31
1259 4253 1361 4323 initia
