3050 4900
296 453 510 529 ANNALES
525 452 879 530 CRACOVIENSES
897 452 1089 527 ssnnvns.
1192 455 1241 526 93

147 654 239 720 1282.
261 654 361 716 sames
383 654 545 716 horrenda
567 653 639 729 fuit3
662 673 733 714 nam
757 669 904 714 mensura
930 612 1177 734 siliginis'soivit
1200 652 1238 716 13

261 737 357 800 scotis
380 739 511 816 argenti.
1148 801 1151 804 ,

145 821 237 886 1283.
260 821 323 882 dux
356 821 467 883 Lestoo
501 819 708 900 congrediens
745 839 815 880 cnm
852 819 1000 881 Litwanis
1032 818 1064 879 in
1107 819 1238 895 Rowne,

147 941 149 945 ,
260 904 374 967 devicit
396 925 452 967 eos
476 912 507 965 et
530 903 681 985 plurimos
704 923 743 965 ex
765 903 811 964 eis
841 903 964 964 occidit.
1161 910 1163 913 ’

329 1699 577 1784 ANNALES
609 1699 1043 1783 MECHOVIENSES.

137 1823 227 1954 Qui
244 1863 439 1950 sequuntur
458 1857 609 1928 annales
634 1857 684 1928 ad
700 1855 888 1928 historiam
907 1855 1116 1928 Polonicam
1134 1880 1230 1930 saec.

137 1957 227 2030 XIV.
246 1955 499 2028 illustrandam
518 1980 590 2028 non
609 1959 727 2050 eaiqui
743 1963 825 2026 sunt
843 1958 1021 2026 momenti.
1075 1956 1229 2028 hliecho·

136 2061 218 2130 uiue
234 2057 387 2148 scriptos
405 2080 480 2128 esse
498 2057 620 2128 statim
639 2057 759 2128 elucet.
818 2055 885 2126 Est
908 2061 1035 2126 autern-
1049 2055 1229 2148 „hiiecho-

135 2161 196 2231 via
215 2155 383 2250 oppidum
402 2179 475 2228 nau
492 2157 644 2251 iqnobile
663 2156 811 2226 minoris
827 2154 1010 2246 Pulsatae,
1027 2156 1063 2226 in
1082 2155 1228 2228 declivio

135 2260 278 2348 montis,
297 2255 349 2330 ad
370 2256 513 2328 radices
540 2255 917 2328 'circumadiucentium
943 2254 1086 2326 collium
1109 2259 1228 2348 situm,

32 2381 36 2390 ’
135 2360 287 2456 quiaque
301 2358 526 2451 parasanqis
543 2381 606 2428 seu
624 2356 835 2428 milliaribus
858 2355 1035 2427 Polonicis
1052 2380 1075 2426 a
1096 2357 1228 2428 Cracc-

135 2462 194 2531 uia
213 2464 399 2549 remotum,
418 2458 526 2541 fertili
544 2465 578 2528 et
594 2458 700 2529 ubere
717 2456 795 2528 solo
813 2456 988 2548 locatum,
1014 2456 1228 2553 perindeque

134 2558 318 2630 cuiuslibet
342 2560 512 2643 frumenti
537 2564 572 2629 et
599 2557 813 2652 lequmiuum
846 2558 1109 2642 ferocissimum
1139 2558 1228 2649 est.“

136 2659 250 2746 Quum
271 2664 388 2729 aretem
408 2656 535 2729 nobilis
554 2660 607 2728 uir
632 2656 726 2728 Iaca
749 2656 907 2728 Poloaus
935 2681 958 2729 a
989 2658 1082 2730 1163
1112 2652 1227 2729 redum

132 2758 391 2851 Hierosolymis
403 2781 521 2832 seeum
537 2763 769 2852 apportasset
780 2760 917 2841 tratres
931 2756 1100 2827 dominici
1111 2758 1227 2849 sepul-

132 2857 210 2930 chri
235 2856 562 2951 Hierosolqmitani,
587 2860 636 2929 eis
656 2858 979 2929 ad'monasterium
1008 2856 1144 2927 ordinis
1170 2859 1227 2929 sui

131 2958 337 3053 eriqendum
365 2957 477 3029 multa
501 2980 580 3029 euru
612 2956 784 3050 larqitute
813 2956 932 3027 villum
963 2978 1052 3027 suae
1084 2956 1226 3027 ditionis

130 3056 366 3129 Miechaoium
384 3057 545 3129 tradidit.
599 3056 702 3145 (laod
720 3058 975 3127 monasterium
993 3056 1146 3128 saeculis
1164 3057 1224 3129 de-

130 3156 354 3229 currentibus
372 3160 489 3251 maqis
507 3158 693 3251 maqisque
711 3159 822 3227 creuit
839 3162 873 3227 et
889 3161 1033 3228 auctum
1053 3162 1114 3227 est.

204 3259 328 3329 Liceat
359 3264 476 3329 autem
508 3255 576 3329 hoe
606 3256 685 3328 loeo
711 3256 866 3327 laudare
897 3256 1006 3327 uerba
1025 3254 1149 3327 iacobi
1172 3255 1225 3339 Vt

129 3359 237 3429 triuci
253 3360 288 3428 in
308 3382 386 3450 cop.
401 3358 450 3430 58
464 3357 542 3429 libr.
560 3357 588 3429 Ι.
602 3356 775 3429 historiae
788 3380 876 3428 suae
892 3356 1083 3427 Orientalis
1097 3355 1140 3427 de
1158 3379 1223 3427 na·

126 3464 212 3529 tura
232 3459 392 3549 vitaeque
411 3459 680 3530 corruersatiuue
699 3456 836 3529 ordinis
855 3456 1023 3527 dominici
1046 3454 1224 3548 sepulchri

121 3556 298 3650 prolata:
316 3556 437 3627 Habet
449 3556 814 3651 Hierosolymitanus
834 3555 1053 3653 patriarcha
1066 3558 1221 3627 abbates

127 3665 166 3727 et
183 3654 328 3753 priores
350 3654 417 3727 sibi
438 3656 640 3753 subiectos,
660 3656 823 3754 insignia
843 3654 1081 3754 pontificalia,
1108 3658 1220 3727 baou-

124 3757 183 3829 los
204 3753 349 3828 scilicet
367 3765 404 3827 et
422 3756 566 3851 mitras7
585 3759 744 3829 annulos
765 3767 803 3830 et
821 3755 988 3829 sandalia
1008 3780 1054 3828 ex
1073 3755 1220 3853 privile-

124 3857 186 3954 gio
202 3854 394 3953 dignitatis
414 3856 612 3953 habenteS,
632 3858 782 3929 domino
803 3857 1038 3955 patriarchae
1057 3856 1094 3927 in
1114 3855 1221 3927 mini·

124 3957 239 4030 sterio
258 3966 479 4029 reverenter
496 3956 733 4030 assistentes.
753 3956 1015 4031 Patriarchaiis
1035 3956 1220 4052 siquidem

125 4057 298 4155 ecclesia,
317 4080 413 4155 quae
434 4068 493 4129 est
510 4057 660 4129 Domini
679 4059 868 4155 sepulchri
894 4061 961 4131 sub
983 4067 1110 4130 monte
1136 4058 1220 4131 Cal-

122 4158 262 4252 variae,
283 4157 484 4233 canonicos
510 4158 624 4231 habet
649 4158 859 4255 regulares,
884 4162 1089 4231 secundum
1116 4158 1220 4231 habi·

121 4267 203 4330 turn
230 4268 267 4331 et
293 4262 464 4355 regulam
490 4259 564 4333 divi
597 4259 795 4356 Augustini
825 4258 1006 4368 niventes.
1071 4260 1219 4331 Habent
1353 4268 1358 4278 '
