3050 4900
545 492 819 569 PRAEFATIO.
1022 540 1027 548 ·
1186 491 1234 567 lx

138 699 235 771 bulla
266 723 388 793 napue
417 699 613 771 Innocentii
641 697 699 768 IV.
737 695 1004 792 inquisitoribus
1041 696 1234 770 miraculo·

139 841 218 890 runr
243 821 361 890 sancti
385 816 561 890 Stanisloi
589 838 684 888 anno
716 818 809 890 1251
842 815 950 909 data,
977 818 1014 886 in
1045 839 1117 910 qun
1144 815 1234 888 baec

140 937 248 1008 verba
274 943 485 1009 occurrunt:
519 936 574 1006 Ad
600 935 671 1006 hec
696 933 831 1006 librum
860 933 1108 1030 cronicorum,
1136 937 1232 1031 quod

140 1054 341 1152 capitulum
373 1054 567 1152 pertinens
600 1055 645 1124 ad
677 1051 870 1149 negotium
904 1064 1154 1125 memoratum
1189 1077 1234 1123 cx

141 1173 291 1246 archivo
401 1173 505 1245 discis
534 1171 686 1246 Polonie
720 1171 860 1244 editum
894 1183 931 1244 et
959 1172 1072 1246 etiam
1098 1172 1232 1244 librum

141 1292 332 1363 annalium
353 1301 390 1364 et
409 1290 640 1389 epitaphium
662 1288 1086 1388 considera'diligenter.
1132 1293 1233 1364 Com·

135 1412 317 1505 probatur
333 1411 423 1482 boec
436 1413 621 1504 sententio,
641 1413 671 1482 si
686 1409 838 1482 annales
853 1417 1024 1482 accurate
1033 1413 1234 1505 perspicias

140 1532 398 1626 euaminesque.
457 1527 557 1600 Vides
585 1531 675 1600 enirn
703 1531 824 1600 staIIm
857 1531 1043 1623 antiquam
1073 1531 1232 1615 formam

138 1651 215 1734 fere
242 1655 354 1721 totam
375 1649 552 1719 'manasse
576 1649 612 1718 in
630 1645 788 1720 Annales
812 1648 958 1740 ccipituli
976 1648 1232 1741 Cracooicnsis‚

140 1770 200 1862 qui
226 1767 277 1838 ad
299 1765 458 1862 sinyulos
484 1789 666 1838 arenosae
690 1765 874 1837 annalium
894 1789 961 1836 usu
977 1766 1151 1860 praebent
1170 1767 1236 1838 ccd-

140 1886 342 1956 nototiones
366 1886 489 1957 breues
515 1886 739 1980 strictosque,
765 1887 894 1977 perucis
920 1890 1058 1956 tantcun
1085 1888 1120 1957 in
1147 1885 1235 1958 Iocis

140 2004 303 2075 uberiore
321 2004 426 2096 copia
446 2003 631 2075 uerborum
653 2009 818 2095 ornatos,
837 2005 888 2072 ita
908 2007 1025 2072 tanuen
1044 2009 1084 2074 ut
1097 2027 1235 2096 semper

140 2123 345 2194 annalistae
381 2128 416 2193 ct
449 2121 693 2216 compilatoris
728 2143 857 2192 mimus
891 2122 1075 2215 seiunyere
1104 2127 1233 2216 possis.

139 2241 220 2312 Iton
252 2240 474 2334 dubitamus,
515 2241 597 2335 quin
632 2237 667 2308 bi
701 2236 853 2310 annales
879 2241 1030 2332 propius
1061 2240 1112 2311 ad
1143 2244 1234 2311 cinti-

140 2383 247 2456 quaur
267 2351 425 2446 formam
452 2359 621 2431 accedere
639 2356 820 2428 statuendi
837 2359 917 2451 sint,
939 2361 1103 2453 quicumvis
1121 2359 1235 2431 coelen

141 2502 263 2551 corum
283 2479 423 2551 derisum
442 2480 478 2549 in
495 2481 563 2565 tine
581 2476 715 2549 soeculi
732 2476 828 2570 XIII,
856 2483 896 2547 ut
911 2478 1009 2562 intra
1029 2478 1233 2573 videbimus,

141 2600 364 2691 conscriptus
388 2600 435 2669 sit
459 2621 504 2667 ac
530 2600 623 2666 certe
650 2594 803 2667 annales
827 2600 910 2688 post
927 2598 1233 2669 canonisationem

141 2717 258 2789 saucii
276 2715 451 2787 Stonc'slai
470 2739 504 2786 a.
527 2714 623 2787 1251
647 2716 787 2799 factam
815 2718 850 2783 et
874 2718 957 2785 ante
982 2738 1115 2787 cunnum
1139 2717 1233 2791 1267

141 2837 294 2921 confecti
318 2836 398 2926 sint,
427 2856 532 2929 qucum
558 2834 679 2926 prima
703 2854 834 2903 mantis
862 2855 924 2904 eos
947 2856 1057 2927 usque
1077 2832 1128 2905 acl
1143 2834 1237 2907 bunc

142 2977 274 3027 annum
295 2954 511 3045 exoraverit,
531 2951 606 3023 celio
625 2954 660 3021 in
678 2948 745 3021 boc
763 2951 841 3045 ipso
862 2973 958 3021 cunno
977 2974 1055 3021 emu
1072 2954 1235 3046 excipiat.

214 3070 381 3144 Proxime
410 3068 460 3139 od
483 3066 549 3140 bos
566 3068 723 3142 Annales
740 3067 888 3162 capituli
906 3070 1153 3143 Crocooiensis
1176 3098 1236 3144 ac·

141 3192 271 3263 cedunt
300 3190 421 3260 breues
452 3185 502 3259 illi
533 3188 684 3261 nrrnnles
715 3212 804 3284 quos
834 3186 1032 3261 Annales
1065 3191 1234 3262 Craco-

142 3312 318 3382 oiercses
345 3312 543 3379 uetustos
571 3308 845 3379 nominavimus.
897 3307 977 3379 Iam
1009 3331 1105 3381 anno
1138 3312 1232 3385 1122

139 3429 263 3520 scripti
276 3431 368 3518 sunt,
387 3427 439 3496 itu
454 3423 594 3519 quidem
609 3432 770 3521 utusque
785 3426 835 3497 acl
849 3430 1097 3503 annum-1119
1111 3452 1233 3503 eorurn

141 3546 395 3619 adnotationes
421 3546 565 3638 saepius
591 3544 803 3616 adverbum
823 3568 902 3616 cnm
920 3542 1118 3619 Annalibus
1135 3552 1233 3643 cupi·

141 3665 205 3738 tuli
232 3660 467 3755 concordent,
503 3685 721 3757 quamquam
748 3661 840 3734 leves
869 3662 1091 3735 diversitates
1118 3666 1174 3738 uel
1197 3670 1233 3739 in

142 3803 320 3855 annorum
346 3780 502 3851 numeris
527 3778 581 3851 vel
603 3782 638 3851 in
662 3780 770 3853 ruodo
794 3782 903 3853 verbu
922 3784 1158 3877 componendi
1175 3810 1233 3858 oc-

140 3907 301 3973 currunt.
355 3895 499 3969 Accedit
525 3898 622 3993 quod
649 3900 804 3993 plurium
837 3924 1014 3972 (crinorum
1041 3902 1234 3979 relationes
1327 3918 1331 3924 '

140 4020 268 4091 desunt
279 4016 476 4090 Annalibus
494 4015 651 4111 capituli.
678 4015 851 4090 'Attamen
868 4026 1026 4092 statuere
1041 4046 1234 4115 possumus

138 4130 296 4211 Annales
314 4137 379 4209 Itos
397 4142 552 4210 vetustos
571 4137 676 4208 etiam
697 4160 740 4208 eo
758 4138 954 4232 enernplan‘
970 4138 1029 4212 illo
1049 4141 1233 4237 deperdito

138 4280 214 4329 esse
233 4254 424 4329 dcrioutos.
460 4255 644 4347 Attendas‚
664 4260 699 4327 et
714 4234 750 4327 in
768 4254 965 4329 Annalibus
983 4261 1130 4354 capituli
1147 4264 1233 4334 etin

958 4373 978 4415 ‘i‘
