3050 4900
262 476 309 548 62
512 469 726 547 ANNALES
755 469 1049 548 Potouoxun
1077 473 1101 546 l.

258 679 364 767 patre
389 671 542 746 sollicito
566 675 636 768 sis,
672 675 756 769 puio
782 675 835 748 nd
856 677 1029 748 nectorem
1047 675 1203 772 gloriam
1224 671 1355 770 perdu-

260 780 360 845 cetur
377 797 485 868 quom
512 797 681 869 utinquam
704 776 772 858 fuit
794 775 998 870 perductus.
1091 778 1232 849 Eodem
1255 799 1354 846 anno

173 873 297 944 tethin
318 873 510 945 nativitate
546 877 655 945 beate
682 874 799 946 Marie
829 875 985 970 virginis
1009 875 1160 947 intravit
1185 875 1355 947 ordinem

150 961 211 1013 ⁵⁹⁹²·
228 959 391 1046 8'sancte
411 973 519 1045 Clare
538 973 575 1044 in
589 974 716 1069 Praga
735 999 821 1045 cum
840 975 1003 1046 maxima
1024 976 1312 1073 sollempnitate.

337 1074 444 1147 1278.
472 1073 509 1144 in
530 1073 770 1146 Cracoviensi
796 1076 947 1169 dyocesi
967 1086 1047 1147 erat
1066 1075 1216 1172 quidam
1235 1077 1353 1171 lacus,

258 1173 384 1270 inquo
403 1173 576 1246 homines
597 1175 697 1245 nullo
717 1179 827 1247 modo
846 1185 1021 1272 poterant
1045 1177 1180 1273 piscari
1200 1185 1355 1273 propter

258 1273 513 1370 inpedimenta
533 1275 689 1368 dyaboli.
714 1275 910 1372 Cumergo
931 1301 1083 1347 eoanno
1100 1288 1204 1349 esset
1219 1278 1351 1370 hyems

258 1375 381 1470 magis
408 1398 544 1470 aspera
573 1374 701 1470 solito7
729 1375 879 1472 quidam
907 1376 1043 1448 milites
1073 1387 1109 1449 et
1127 1377 1294 1473 religiosi
1314 1385 1353 1448 et

258 1475 365 1545 multi
390 1473 582 1572 simplices
610 1474 708 1546 illius
736 1475 928 1572 provincie
954 1477 1175 1573 congregati
1201 1479 1353 1548 luerunt

257 1577 303 1647 ad
338 1585 531 1671 capturam
567 1573 726 1672 piscium
760 1575 856 1647 illius
889 1577 959 1648 laci
992 1601 1076 1648 cum
1110 1578 1282 1649 crucibus
1314 1587 1353 1649 et

256 1673 413 1747 vexillis.
461 1674 506 1745 Et
530 1675 650 1771 primo
675 1675 824 1771 quidem
843 1686 1048 1772 traxerunt,
1075 1677 1164 1749 licet
1181 1701 1267 1748 cum
1286 1677 1352 1749 dil·

255 1773 435 1869 ficultate7
463 1797 645 1870 sagenam
664 1775 867 1848 habentem
887 1787 964 1848 tres
979 1802 1118 1874 parvos
1136 1777 1349 1875 pisciculos.
1378 1851 1381 1853 r

255 1875 430 1947 Secundo
455 1884 650 1947 traxerunt
674 1899 857 1971 sagenam
878 1878 1119 1972 mastigatam
1145 1888 1182 1951 et
1206 1878 1349 1950 nullum

256 1976 401 2072 piscem
429 1976 643 2048 habentem.
692 1977 823 2048 Tercio
845 2001 933 2049 vero
951 1988 1146 2051 traxerunt
1165 2002 1349 2076 sagenam

256 2099 341 2148 cum
356 2076 520 2148 maxima
539 2075 756 2150 difficultate
773 2078 1028 2151 continentem
1043 2081 1229 2176 quoddam
1245 2102 1349 2150 mon-

254 2187 373 2248 strum
400 2179 498 2274 quod
525 2178 688 2250 habebat
706 2189 818 2273 caput
835 2177 1029 2276 caprinum
1051 2190 1088 2252 et
1106 2181 1235 2252 oculos
1254 2179 1350 2251 rubi·

255 2277 542 2371 candissimosp
563 2300 635 2374 quo
664 2277 745 2349 viso
781 2278 956 2350 homines
994 2279 1183 2375 fugierunt
1208 2279 1347 2352 relictis

255 2377 446 2473 crucibuS,
479 2401 524 2450 ex
544 2401 616 2474 quo
636 2401 770 2451 omnes
791 2379 870 2451 fere
890 2379 1041 2453 fuerunt
1065 2380 1221 2455 morbidi
1248 2380 1348 2477 facti,
1455 2435 1461 2440 -

253 2478 378 2575 ipsum
396 2500 486 2548 vero
507 2488 717 2549 monstrum
743 2502 827 2550 cum
849 2481 1074 2553 extraxisset
1093 2492 1204 2579 caput
1223 2488 1347 2577 suum,

254 2582 385 2651 subtus
405 2576 565 2674 glaciem
587 2577 685 2674 cepit
704 2578 915 2651 discurrere
941 2604 1010 2676 per
1027 2605 1162 2676 aquam
1183 2582 1347 2652 sonitum

255 2688 291 2749 et
319 2678 517 2775 strepitum
543 2678 724 2750 faciendo.
835 2680 965 2751 Frater
990 2678 1171 2751 Martinus
1206 2679 1346 2751 ordinis

143 2778 532 2851 nl.rr.Predicatorum
557 2778 680 2851 'factus
701 2787 759 2850 est
783 2778 1091 2877 archiepiscopus
1113 2780 1347 2853 Gnezneusis

253 2880 436 2952 adomino
447 2904 546 2977 papa
560 2879 710 2951 Nicolao
723 2879 781 2951 lll.
796 2879 952 2953 nacione
964 2881 1146 2977 Romano,
1165 2880 1227 2977 qui
1243 2880 1346 2979 prius

254 2980 681 3077 quamvenitheznam
696 2990 866 3053 mortuus
876 2991 934 3053 est
953 2984 1086 3054 eodem
1106 3006 1215 3053 anno.
1267 2981 1347 3053 Rex

141 3082 508 3153 usacssohemorum
539 3080 745 3153 Primislius
779 3105 849 3179 per
873 3081 1118 3154 tradicionem
1146 3081 1347 3153 Theutoni-

252 3205 381 3253 corum
414 3189 614 3277 superatus
643 3191 703 3253 est
736 3185 782 3253 ab
817 3181 1044 3279 imperatore
1081 3182 1276 3279 lludolpho
1307 3182 1345 3252 in

250 3280 385 3355 finibus
404 3282 640 3377 Ungarorum
660 3279 762 3351 iuxta
779 3279 921 3353 flumen
950 3282 1011 3379 qui
1031 3282 1162 3354 dicitur
1178 3283 1342 3353 Morava.

249 3384 391 3456 Eodem
409 3384 672 3479 temporedux
690 3382 889 3453 Bolezlaus
908 3383 1061 3455 P-olonie
1078 3384 1223 3454 habens
1244 3382 1345 3453 adiu·

250 3480 345 3555 torio
365 3482 624 3575 blstiwoynem
653 3482 787 3553 ducem
816 3482 1052 3578 Pomoranie,
1078 3482 1229 3555 intravit
1247 3482 1344 3555 fines

250 3584 662 3657 Theutonicorumocto
675 3582 983 3680 diebusspolians
1001 3594 1142 3655 terram
1161 3583 1345 3680 ipsorum,¹

119 3700 121 3705 ’
251 3696 289 3757 et
324 3688 369 3757 ad
396 3683 568 3757 ultimum
597 3681 762 3781 gloriose
798 3683 1041 3781 triumphavit
1082 3688 1128 3757 de
1173 3682 1341 3755 exercitu

250 3785 430 3884 ipsorum.
509 3784 648 3856 Eodem
666 3808 764 3855 anno
784 3785 946 3856 surrexit
964 3784 1114 3881 quidam
1140 3783 1341 3880 religiosus

250 3886 403 3959 nomine
422 3884 597 3957 Nicolaus
624 3885 782 3957 nacione
802 3885 1070 3982 TheutonicuS‚
1111 3886 1249 3957 ordinis
1269 3885 1342 3955 fra-

247 3997 346 4059 trum
374 3984 672 4081 predicatorum,
712 3984 773 4082 qui
792 3985 918 4059 docuit
940 3985 1113 4059 homines
1142 3987 1342 4057 comedere

248 4097 461 4184 serpentes,
479 4086 640 4157 lacertas
657 4094 694 4157 et
706 4110 819 4159 ranas
832 4098 961 4158 contra
971 4086 1176 4185 quamlibet
1188 4084 1342 4157 infirmi·

246 4198 363 4259 tatem
393 4212 412 4258 a
442 4212 513 4283 qua
534 4186 808 4283 detinebantur.
828 4186 909 4259 sive
927 4188 997 4259 fuit
1018 4187 1123 4258 dolor
1146 4186 1339 4258 oculorum

248 4289 307 4361 vel
323 4287 446 4361 aliud.
482 4286 633 4359 Urinam
662 4296 787 4359 autem
813 4286 977 4360 hominis
991 4285 1127 4359 infirmi
1148 4310 1340 4384 nunquam
