<?xml version="1.0" encoding="UTF-8"?>
<!DOCTYPE html PUBLIC "-//W3C//DTD XHTML 1.0 Transitional//EN"
    "http://www.w3.org/TR/xhtml1/DTD/xhtml1-transitional.dtd">
<html xmlns="http://www.w3.org/1999/xhtml" xml:lang="en" lang="en">
 <head>
  <title>
</title>
<meta http-equiv="Content-Type" content="text/html;charset=utf-8" />
  <meta name='ocr-system' content='tesseract 3.04.00' />
  <meta name='ocr-capabilities' content='ocr_page ocr_carea ocr_par ocr_line ocrx_word'/>
</head>
<body>
  <div class='ocr_page' id='page_1' title='image "annalespoloniae01roepgoog_0029.png"; bbox 0 0 3050 4900; ppageno 0'>
   <div class='ocr_carea' id='block_1_1' title="bbox 295 351 1272 434">
    <p class='ocr_par' dir='ltr' id='par_1_1' title="bbox 295 351 1272 434">
     <span class='ocr_line' id='line_1_1' title="bbox 295 351 1272 434; baseline 0.013 -13"><span class='ocrx_word' id='word_1_1' title='bbox 295 351 517 429; x_wconf 70' lang='lat' dir='ltr'><strong><em>eremas</em></strong></span> <span class='ocrx_word' id='word_1_2' title='bbox 541 353 769 430; x_wconf 66' lang='lat' dir='ltr'><strong><em>arelium·</em></strong></span> <span class='ocrx_word' id='word_1_3' title='bbox 785 353 1138 434; x_wconf 57' lang='lat' dir='ltr'><strong><em>&amp;scomensis</em></strong></span> <span class='ocrx_word' id='word_1_4' title='bbox 1226 361 1272 434; x_wconf 77' lang='lat'><strong><em>13</em></strong></span> 
     </span>
    </p>
   </div>
   <div class='ocr_carea' id='block_1_2' title="bbox 174 553 1274 854">
    <p class='ocr_par' dir='ltr' id='par_1_2' title="bbox 174 553 1274 854">
     <span class='ocr_line' id='line_1_2' title="bbox 175 553 1273 656; baseline 0.003 -29"><span class='ocrx_word' id='word_1_5' title='bbox 175 577 197 627; x_wconf 85' lang='lat' dir='ltr'><strong><em>a</em></strong></span> <span class='ocrx_word' id='word_1_6' title='bbox 225 553 382 628; x_wconf 70' lang='lat' dir='ltr'><strong><em>coneilio</em></strong></span> <span class='ocrx_word' id='word_1_7' title='bbox 406 555 536 630; x_wconf 81' lang='lat' dir='ltr'><strong><em>muita.</em></strong></span> <span class='ocrx_word' id='word_1_8' title='bbox 590 555 639 637; x_wconf 67' lang='lat' dir='ltr'><strong><em>Et</em></strong></span> <span class='ocrx_word' id='word_1_9' title='bbox 654 578 727 656; x_wconf 73' lang='lat' dir='ltr'><strong><em>pro</em></strong></span> <span class='ocrx_word' id='word_1_10' title='bbox 750 557 949 652; x_wconf 72' lang='lat' dir='ltr'><strong><em>decepere</em></strong></span> <span class='ocrx_word' id='word_1_11' title='bbox 973 561 1081 654; x_wconf 72' lang='lat' dir='ltr'><strong><em>acensi</em></strong></span> <span class='ocrx_word' id='word_1_12' title='bbox 1102 559 1273 632; x_wconf 87' lang='lat' dir='ltr'><strong><em>vicissitu-</em></strong></span> 
     </span>
     <span class='ocr_line' id='line_1_3' title="bbox 175 653 1272 756; baseline 0.003 -29"><span class='ocrx_word' id='word_1_13' title='bbox 175 653 293 730; x_wconf 82' lang='lat' dir='ltr'><strong><em>dinem</em></strong></span> <span class='ocrx_word' id='word_1_14' title='bbox 309 657 499 752; x_wconf 75' lang='lat' dir='ltr'><strong><em>postulans</em></strong></span> <span class='ocrx_word' id='word_1_15' title='bbox 518 653 668 730; x_wconf 87' lang='lat' dir='ltr'><strong><em>adiecit:</em></strong></span> <span class='ocrx_word' id='word_1_16' title='bbox 692 653 746 732; x_wconf 82' lang='lat' dir='ltr'><strong><em>Tu</em></strong></span> <span class='ocrx_word' id='word_1_17' title='bbox 766 667 894 730; x_wconf 84' lang='lat' dir='ltr'><strong><em>autem</em></strong></span> <span class='ocrx_word' id='word_1_18' title='bbox 911 657 1073 744; x_wconf 85' lang='lat' dir='ltr'><strong>Domine</strong></span> <span class='ocrx_word' id='word_1_19' title='bbox 1092 682 1140 732; x_wconf 90' lang='lat' dir='ltr'><strong><em>ne</em></strong></span> <span class='ocrx_word' id='word_1_20' title='bbox 1158 659 1272 756; x_wconf 78' lang='lat' dir='ltr'><strong><em>tange</em></strong></span> 
     </span>
     <span class='ocr_line' id='line_1_4' title="bbox 174 753 1274 854; baseline 0.005 -27"><span class='ocrx_word' id='word_1_21' title='bbox 174 753 294 830; x_wconf 81' lang='lat' dir='ltr'><strong><em>facias</em></strong></span> <span class='ocrx_word' id='word_1_22' title='bbox 319 753 591 832; x_wconf 80' lang='lat' dir='ltr'><strong><em>miseraciones</em></strong></span> <span class='ocrx_word' id='word_1_23' title='bbox 615 766 700 832; x_wconf 84' lang='lat' dir='ltr'><strong><em>tans</em></strong></span> <span class='ocrx_word' id='word_1_24' title='bbox 725 781 844 854; x_wconf 69' lang='lat' dir='ltr'><strong><em>ame,</em></strong></span> <span class='ocrx_word' id='word_1_25' title='bbox 868 761 975 854; x_wconf 66' lang='lat' dir='ltr'><strong><em>aava</em></strong></span> <span class='ocrx_word' id='word_1_26' title='bbox 993 758 1145 834; x_wconf 84' lang='lat' dir='ltr'><strong><em>diceret:</em></strong></span> <span class='ocrx_word' id='word_1_27' title='bbox 1173 759 1274 832; x_wconf 83' lang='lat' dir='ltr'><strong><em>Sicut</em></strong></span> 
     </span>
    </p>
   </div>
   <div class='ocr_carea' id='block_1_3' title="bbox 167 857 1274 3753">
    <p class='ocr_par' dir='ltr' id='par_1_3' title="bbox 167 857 1274 3753">
     <span class='ocr_line' id='line_1_5' title="bbox 174 857 1272 954; baseline 0.002 -26"><span class='ocrx_word' id='word_1_28' title='bbox 174 880 242 951; x_wconf 75' lang='lat' dir='ltr'><strong><em>eya</em></strong></span> <span class='ocrx_word' id='word_1_29' title='bbox 266 858 338 943; x_wconf 76' lang='lat' dir='ltr'><strong><em>[eei</em></strong></span> <span class='ocrx_word' id='word_1_30' title='bbox 364 857 457 929; x_wconf 85' lang='lat' dir='ltr'><strong><em>alias</em></strong></span> <span class='ocrx_word' id='word_1_31' title='bbox 483 857 767 930; x_wconf 86' lang='lat' dir='ltr'><strong><em>misericordiam</em></strong></span> <span class='ocrx_word' id='word_1_32' title='bbox 791 860 961 952; x_wconf 86' lang='lat' dir='ltr'><strong><em>invenire,</em></strong></span> <span class='ocrx_word' id='word_1_33' title='bbox 988 861 1040 931; x_wconf 77' lang='lat' dir='ltr'><strong><em>iia</em></strong></span> <span class='ocrx_word' id='word_1_34' title='bbox 1058 862 1182 954; x_wconf 82' lang='lat' dir='ltr'><strong><em>etipse</em></strong></span> <span class='ocrx_word' id='word_1_35' title='bbox 1200 882 1272 932; x_wconf 90' lang='lat' dir='ltr'><strong><em>non</em></strong></span> 
     </span>
     <span class='ocr_line' id='line_1_6' title="bbox 171 957 1273 1052; baseline 0.003 -25"><span class='ocrx_word' id='word_1_36' title='bbox 171 958 338 1050; x_wconf 80' lang='lat' dir='ltr'><strong><em>paciaris</em></strong></span> <span class='ocrx_word' id='word_1_37' title='bbox 367 957 471 1052; x_wconf 71' lang='lat' dir='ltr'><strong><em>ianoe</em></strong></span> <span class='ocrx_word' id='word_1_38' title='bbox 500 959 578 1045; x_wconf 78' lang='lat' dir='ltr'><strong><em>fieri</em></strong></span> <span class='ocrx_word' id='word_1_39' title='bbox 608 957 879 1030; x_wconf 77' lang='lat' dir='ltr'><strong><em>misericordias</em></strong></span> <span class='ocrx_word' id='word_1_40' title='bbox 903 964 988 1031; x_wconf 83' lang='lat' dir='ltr'><strong><em>tuas</em></strong></span> <span class='ocrx_word' id='word_1_41' title='bbox 1015 983 1040 1031; x_wconf 93' lang='lat' dir='ltr'><strong><em>a</em></strong></span> <span class='ocrx_word' id='word_1_42' title='bbox 1067 983 1131 1031; x_wconf 90' lang='lat' dir='ltr'><strong><em>me.</em></strong></span> <span class='ocrx_word' id='word_1_43' title='bbox 1186 961 1273 1033; x_wconf 85' lang='lat' dir='ltr'><strong><em>Cum</em></strong></span> 
     </span>
     <span class='ocr_line' id='line_1_7' title="bbox 174 1056 1273 1152; baseline 0.002 -24"><span class='ocrx_word' id='word_1_44' title='bbox 174 1057 284 1151; x_wconf 73' lang='lat' dir='ltr'><strong><em>iyitvr</em></strong></span> <span class='ocrx_word' id='word_1_45' title='bbox 301 1056 345 1129; x_wconf 90' lang='lat' dir='ltr'><strong><em>de</em></strong></span> <span class='ocrx_word' id='word_1_46' title='bbox 362 1057 488 1130; x_wconf 81' lang='lat' dir='ltr'><strong><em>talenti</em></strong></span> <span class='ocrx_word' id='word_1_47' title='bbox 504 1057 628 1130; x_wconf 82' lang='lat' dir='ltr'><strong><em>crediti</em></strong></span> <span class='ocrx_word' id='word_1_48' title='bbox 645 1058 896 1131; x_wconf 84' lang='lat' dir='ltr'><strong><em>distritiucione</em></strong></span> <span class='ocrx_word' id='word_1_49' title='bbox 913 1065 1018 1132; x_wconf 90' lang='lat' dir='ltr'><strong><em>tanta</em></strong></span> <span class='ocrx_word' id='word_1_50' title='bbox 1035 1066 1197 1152; x_wconf 79' lang='lat' dir='ltr'><strong><em>speretur</em></strong></span> <span class='ocrx_word' id='word_1_51' title='bbox 1218 1083 1273 1131; x_wconf 85' lang='lat' dir='ltr'><strong><em>re·</em></strong></span> 
     </span>
     <span class='ocr_line' id='line_1_8' title="bbox 173 1157 1274 1255; baseline 0.003 -27"><span class='ocrx_word' id='word_1_52' title='bbox 173 1157 337 1249; x_wconf 74' lang='lat' dir='ltr'><strong><em>invoca,</em></strong></span> <span class='ocrx_word' id='word_1_53' title='bbox 364 1181 470 1251; x_wconf 82' lang='lat' dir='ltr'><strong><em>opere</em></strong></span> <span class='ocrx_word' id='word_1_54' title='bbox 486 1159 644 1252; x_wconf 82' lang='lat' dir='ltr'><strong><em>precium</em></strong></span> <span class='ocrx_word' id='word_1_55' title='bbox 663 1165 725 1251; x_wconf 83' lang='lat' dir='ltr'><strong><em>est,</em></strong></span> <span class='ocrx_word' id='word_1_56' title='bbox 752 1164 792 1230; x_wconf 84' lang='lat' dir='ltr'><strong><em>ui</em></strong></span> <span class='ocrx_word' id='word_1_57' title='bbox 808 1159 946 1253; x_wconf 78' lang='lat' dir='ltr'><strong><em>aliquid</em></strong></span> <span class='ocrx_word' id='word_1_58' title='bbox 962 1159 1006 1232; x_wconf 89' lang='lat' dir='ltr'><strong><em>dc</em></strong></span> <span class='ocrx_word' id='word_1_59' title='bbox 1022 1159 1090 1232; x_wconf 84' lang='lat' dir='ltr'><strong><em>hiis</em></strong></span> <span class='ocrx_word' id='word_1_60' title='bbox 1115 1183 1182 1255; x_wconf 86' lang='lat' dir='ltr'><strong><em>que</em></strong></span> <span class='ocrx_word' id='word_1_61' title='bbox 1205 1159 1274 1254; x_wconf 74' lang='lat' dir='ltr'><strong><em>ieqi</em></strong></span> 
     </span>
     <span class='ocr_line' id='line_1_9' title="bbox 174 1255 1272 1353; baseline 0.002 -25"><span class='ocrx_word' id='word_1_62' title='bbox 174 1256 229 1328; x_wconf 86' lang='lat' dir='ltr'><strong><em>vel</em></strong></span> <span class='ocrx_word' id='word_1_63' title='bbox 253 1255 376 1329; x_wconf 89' lang='lat' dir='ltr'><strong><em>audivi</em></strong></span> <span class='ocrx_word' id='word_1_64' title='bbox 405 1257 600 1330; x_wconf 74' lang='lat' dir='ltr'><strong><em>edisseram</em></strong></span> <span class='ocrx_word' id='word_1_65' title='bbox 633 1257 684 1330; x_wconf 91' lang='lat' dir='ltr'><strong><em>ad</em></strong></span> <span class='ocrx_word' id='word_1_66' title='bbox 713 1257 981 1345; x_wconf 75' lang='lat' dir='ltr'><strong><em>edificacionem</em></strong></span> <span class='ocrx_word' id='word_1_67' title='bbox 1009 1262 1272 1353; x_wconf 62' lang='lat' dir='ltr'><strong><em>maximorum.</em></strong></span> 
     </span>
     <span class='ocr_line' id='line_1_10' title="bbox 176 1355 1272 1455; baseline 0.004 -28"><span class='ocrx_word' id='word_1_68' title='bbox 176 1355 268 1444; x_wconf 85' lang='lat' dir='ltr'><strong><em>Quia</em></strong></span> <span class='ocrx_word' id='word_1_69' title='bbox 287 1359 424 1429; x_wconf 90' lang='lat' dir='ltr'><strong><em>veroin</em></strong></span> <span class='ocrx_word' id='word_1_70' title='bbox 443 1358 702 1439; x_wconf 77' lang='lat' dir='ltr'><strong><em>tradicionibus</em></strong></span> <span class='ocrx_word' id='word_1_71' title='bbox 721 1358 916 1430; x_wconf 74' lang='lat' dir='ltr'><strong><em>annalium·</em></strong></span> <span class='ocrx_word' id='word_1_72' title='bbox 920 1365 1103 1452; x_wconf 69' lang='lat' dir='ltr'><strong><em>vestorum</em></strong></span> <span class='ocrx_word' id='word_1_73' title='bbox 1117 1359 1272 1455; x_wconf 84' lang='lat' dir='ltr'><strong><em>quedam</em></strong></span> 
     </span>
     <span class='ocr_line' id='line_1_11' title="bbox 173 1455 1272 1555; baseline 0.003 -28"><span class='ocrx_word' id='word_1_74' title='bbox 173 1455 293 1551; x_wconf 72' lang='lat' dir='ltr'><strong><em>coliiqi</em></strong></span> <span class='ocrx_word' id='word_1_75' title='bbox 315 1481 508 1550; x_wconf 85' lang='lat' dir='ltr'><strong><em>possumus</em></strong></span> <span class='ocrx_word' id='word_1_76' title='bbox 535 1457 587 1529; x_wconf 88' lang='lat' dir='ltr'><strong><em>ad</em></strong></span> <span class='ocrx_word' id='word_1_77' title='bbox 609 1481 750 1530; x_wconf 89' lang='lat' dir='ltr'><strong><em>marum</em></strong></span> <span class='ocrx_word' id='word_1_78' title='bbox 774 1460 1090 1549; x_wconf 78' lang='lat' dir='ltr'><strong><em>informacionem,</em></strong></span> <span class='ocrx_word' id='word_1_79' title='bbox 1117 1458 1272 1555; x_wconf 80' lang='lat' dir='ltr'><strong><em>quedam</em></strong></span> 
     </span>
     <span class='ocr_line' id='line_1_12' title="bbox 174 1555 1270 1654; baseline 0.002 -26"><span class='ocrx_word' id='word_1_80' title='bbox 174 1555 226 1628; x_wconf 90' lang='lat' dir='ltr'><strong><em>ad</em></strong></span> <span class='ocrx_word' id='word_1_81' title='bbox 247 1557 427 1629; x_wconf 84' lang='lat' dir='ltr'><strong><em>maiorum</em></strong></span> <span class='ocrx_word' id='word_1_82' title='bbox 446 1560 661 1630; x_wconf 78' lang='lat' dir='ltr'><strong><em>eversionem</em></strong></span> <span class='ocrx_word' id='word_1_83' title='bbox 680 1565 713 1629; x_wconf 88' lang='lat' dir='ltr'><strong><em>et</em></strong></span> <span class='ocrx_word' id='word_1_84' title='bbox 727 1557 1014 1652; x_wconf 78' lang='lat' dir='ltr'><strong><em>detestacionem,</em></strong></span> <span class='ocrx_word' id='word_1_85' title='bbox 1032 1561 1118 1654; x_wconf 76' lang='lat' dir='ltr'><strong><em>quia</em></strong></span> <span class='ocrx_word' id='word_1_86' title='bbox 1134 1558 1270 1631; x_wconf 84' lang='lat' dir='ltr'><strong><em>rnatum</em></strong></span> 
     </span>
     <span class='ocr_line' id='line_1_13' title="bbox 172 1657 1272 1755; baseline 0.001 -26"><span class='ocrx_word' id='word_1_87' title='bbox 172 1657 241 1733; x_wconf 86' lang='lat' dir='ltr'><strong><em>nisi</em></strong></span> <span class='ocrx_word' id='word_1_88' title='bbox 258 1659 445 1755; x_wconf 69' lang='lat' dir='ltr'><strong><em>counitum</em></strong></span> <span class='ocrx_word' id='word_1_89' title='bbox 456 1681 545 1730; x_wconf 89' lang='lat' dir='ltr'><strong><em>sane</em></strong></span> <span class='ocrx_word' id='word_1_90' title='bbox 563 1680 635 1730; x_wconf 87' lang='lat' dir='ltr'><strong><em>non</em></strong></span> <span class='ocrx_word' id='word_1_91' title='bbox 652 1660 797 1751; x_wconf 75' lang='lat' dir='ltr'><strong><em>vitatur,</em></strong></span> <span class='ocrx_word' id='word_1_92' title='bbox 824 1658 978 1755; x_wconf 78' lang='lat' dir='ltr'><strong><em>qaedam</em></strong></span> <span class='ocrx_word' id='word_1_93' title='bbox 1006 1682 1089 1731; x_wconf 91' lang='lat' dir='ltr'><strong><em>vera</em></strong></span> <span class='ocrx_word' id='word_1_94' title='bbox 1117 1659 1169 1731; x_wconf 92' lang='lat' dir='ltr'><strong><em>ad</em></strong></span> <span class='ocrx_word' id='word_1_95' title='bbox 1184 1683 1272 1731; x_wconf 88' lang='lat' dir='ltr'><strong><em>cau·</em></strong></span> 
     </span>
     <span class='ocr_line' id='line_1_14' title="bbox 169 1755 1272 1854; baseline 0.001 -26"><span class='ocrx_word' id='word_1_96' title='bbox 169 1755 280 1828; x_wconf 67' lang='lat' dir='ltr'><strong><em>minin</em></strong></span> <span class='ocrx_word' id='word_1_97' title='bbox 297 1760 501 1842; x_wconf 82' lang='lat' dir='ltr'><strong><em>futurorum</em></strong></span> <span class='ocrx_word' id='word_1_98' title='bbox 518 1761 604 1854; x_wconf 81' lang='lat' dir='ltr'><strong><em>quia</em></strong></span> <span class='ocrx_word' id='word_1_99' title='bbox 628 1759 789 1852; x_wconf 81' lang='lat' dir='ltr'><strong><em>preteriti</em></strong></span> <span class='ocrx_word' id='word_1_100' title='bbox 813 1761 1007 1832; x_wconf 86' lang='lat' dir='ltr'><strong><em>.......icia</em></strong></span> <span class='ocrx_word' id='word_1_101' title='bbox 1029 1761 1121 1832; x_wconf 79' lang='lat' dir='ltr'><strong><em>scire</em></strong></span> <span class='ocrx_word' id='word_1_102' title='bbox 1143 1762 1272 1844; x_wconf 76' lang='lat' dir='ltr'><strong><em>futura</em></strong></span> 
     </span>
     <span class='ocr_line' id='line_1_15' title="bbox 171 1856 1271 1952; baseline 0.002 -24"><span class='ocrx_word' id='word_1_103' title='bbox 171 1858 274 1950; x_wconf 77' lang='lat' dir='ltr'><strong><em>facit,</em></strong></span> <span class='ocrx_word' id='word_1_104' title='bbox 300 1864 514 1952; x_wconf 81' lang='lat' dir='ltr'><strong><em>oportunum</em></strong></span> <span class='ocrx_word' id='word_1_105' title='bbox 541 1860 700 1930; x_wconf 77' lang='lat' dir='ltr'><strong><em>existimo</em></strong></span> <span class='ocrx_word' id='word_1_106' title='bbox 728 1856 780 1930; x_wconf 89' lang='lat' dir='ltr'><strong><em>ad</em></strong></span> <span class='ocrx_word' id='word_1_107' title='bbox 800 1879 870 1952; x_wconf 77' lang='lat' dir='ltr'><strong><em>pro</em></strong></span> <span class='ocrx_word' id='word_1_108' title='bbox 893 1865 1058 1932; x_wconf 46' lang='lat' dir='ltr'><strong><em>..aenum</em></strong></span> <span class='ocrx_word' id='word_1_109' title='bbox 1077 1859 1271 1952; x_wconf 75' lang='lat' dir='ltr'><strong><em>tevcneium</em></strong></span> 
     </span>
     <span class='ocr_line' id='line_1_16' title="bbox 174 1957 1269 2055; baseline 0.002 -27"><span class='ocrx_word' id='word_1_110' title='bbox 174 1963 207 2029; x_wconf 91' lang='lat' dir='ltr'><strong><em>et</em></strong></span> <span class='ocrx_word' id='word_1_111' title='bbox 232 1957 417 2029; x_wconf 77' lang='lat' dir='ltr'><strong><em>utilitatem</em></strong></span> <span class='ocrx_word' id='word_1_112' title='bbox 445 1958 670 2032; x_wconf 82' lang='lat' dir='ltr'><strong><em>audiencium</em></strong></span> <span class='ocrx_word' id='word_1_113' title='bbox 697 2011 806 2030; x_wconf 88' lang='grc'><strong>......</strong></span> <span class='ocrx_word' id='word_1_114' title='bbox 815 1958 917 2031; x_wconf 83' lang='lat' dir='ltr'><strong><em>naiia</em></strong></span> <span class='ocrx_word' id='word_1_115' title='bbox 943 1964 1046 2055; x_wconf 73' lang='lat' dir='ltr'><strong><em>qesta</em></strong></span> <span class='ocrx_word' id='word_1_116' title='bbox 1071 1965 1269 2052; x_wconf 79' lang='lat' dir='ltr'><strong><em>temporum</em></strong></span> 
     </span>
     <span class='ocr_line' id='line_1_17' title="bbox 170 2056 1270 2154; baseline 0 -26"><span class='ocrx_word' id='word_1_117' title='bbox 170 2059 422 2150; x_wconf 85' lang='lat' dir='ltr'><strong><em>preteritorum</em></strong></span> <span class='ocrx_word' id='word_1_118' title='bbox 458 2058 510 2131; x_wconf 89' lang='lat' dir='ltr'><strong><em>ad</em></strong></span> <span class='ocrx_word' id='word_1_119' title='bbox 542 2056 798 2154; x_wconf 58' lang='lat' dir='ltr'><strong><em>meinardum)</em></strong></span> <span class='ocrx_word' id='word_1_120' title='bbox 830 2061 1051 2152; x_wconf 70' lang='lat' dir='ltr'><strong><em>presenciam</em></strong></span> <span class='ocrx_word' id='word_1_121' title='bbox 1085 2068 1270 2152; x_wconf 78' lang='lat' dir='ltr'><strong><em>revocare,</em></strong></span> 
     </span>
     <span class='ocr_line' id='line_1_18' title="bbox 173 2157 1271 2254; baseline 0.002 -26"><span class='ocrx_word' id='word_1_122' title='bbox 173 2158 270 2252; x_wconf 85' lang='lat' dir='ltr'><strong><em>quia,</em></strong></span> <span class='ocrx_word' id='word_1_123' title='bbox 297 2163 339 2230; x_wconf 87' lang='lat' dir='ltr'><strong><em>ut</em></strong></span> <span class='ocrx_word' id='word_1_124' title='bbox 353 2158 438 2230; x_wconf 85' lang='lat' dir='ltr'><strong><em>dicit</em></strong></span> <span class='ocrx_word' id='word_1_125' title='bbox 454 2157 664 2254; x_wconf 75' lang='lat' dir='ltr'><strong><em>Eth(i)eus.·</em></strong></span> <span class='ocrx_word' id='word_1_126' title='bbox 692 2159 764 2230; x_wconf 84' lang='lat' dir='ltr'><strong><em>hee</em></strong></span> <span class='ocrx_word' id='word_1_127' title='bbox 781 2158 1005 2233; x_wconf 86' lang='lat' dir='ltr'><strong><em>meminisse</em></strong></span> <span class='ocrx_word' id='word_1_128' title='bbox 1023 2157 1171 2232; x_wconf 80' lang='lat' dir='ltr'><strong><em>iuvabit.</em></strong></span> <span class='ocrx_word' id='word_1_129' title='bbox 1215 2158 1271 2230; x_wconf 78' lang='lat' dir='ltr'><strong><em>Ee</em></strong></span> 
     </span>
     <span class='ocr_line' id='line_1_19' title="bbox 172 2257 1272 2355; baseline 0.003 -28"><span class='ocrx_word' id='word_1_130' title='bbox 172 2259 259 2350; x_wconf 81' lang='lat' dir='ltr'><strong><em>ipsis</em></strong></span> <span class='ocrx_word' id='word_1_131' title='bbox 288 2259 341 2330; x_wconf 86' lang='lat' dir='ltr'><strong><em>ita</em></strong></span> <span class='ocrx_word' id='word_1_132' title='bbox 370 2281 494 2330; x_wconf 90' lang='lat' dir='ltr'><strong><em>sumus</em></strong></span> <span class='ocrx_word' id='word_1_133' title='bbox 521 2282 591 2352; x_wconf 84' lang='lat' dir='ltr'><strong><em>pro</em></strong></span> <span class='ocrx_word' id='word_1_134' title='bbox 622 2257 746 2331; x_wconf 82' lang='lat' dir='ltr'><strong><em>diebus</em></strong></span> <span class='ocrx_word' id='word_1_135' title='bbox 777 2259 904 2354; x_wconf 79' lang='lat' dir='ltr'><strong><em>quidus</em></strong></span> <span class='ocrx_word' id='word_1_136' title='bbox 931 2283 998 2332; x_wconf 91' lang='lat' dir='ltr'><strong><em>nos</em></strong></span> <span class='ocrx_word' id='word_1_137' title='bbox 1031 2257 1272 2355; x_wconf 81' lang='lat' dir='ltr'><strong><em>hu(miiia)sti</em></strong></span> 
     </span>
     <span class='ocr_line' id='line_1_20' title="bbox 175 2357 1267 2455; baseline 0.001 -27"><span class='ocrx_word' id='word_1_138' title='bbox 175 2357 230 2453; x_wconf 83' lang='lat' dir='ltr'><strong><em>(et</em></strong></span> <span class='ocrx_word' id='word_1_139' title='bbox 246 2357 397 2455; x_wconf 80' lang='lat' dir='ltr'><strong><em>e)etera.</em></strong></span> <span class='ocrx_word' id='word_1_140' title='bbox 449 2359 625 2430; x_wconf 85' lang='lat' dir='ltr'><strong><em>Preterita</em></strong></span> <span class='ocrx_word' id='word_1_141' title='bbox 652 2361 754 2454; x_wconf 80' lang='lat' dir='ltr'><strong><em>enim,</em></strong></span> <span class='ocrx_word' id='word_1_142' title='bbox 783 2366 822 2431; x_wconf 90' lang='lat' dir='ltr'><strong><em>ut</em></strong></span> <span class='ocrx_word' id='word_1_143' title='bbox 844 2360 931 2431; x_wconf 83' lang='lat' dir='ltr'><strong><em>dicit</em></strong></span> <span class='ocrx_word' id='word_1_144' title='bbox 947 2359 1127 2432; x_wconf 83' lang='lat' dir='ltr'><strong><em>Haracius</em></strong></span> <span class='ocrx_word' id='word_1_145' title='bbox 1146 2414 1267 2431; x_wconf 91' lang='grc'><strong>.......</strong></span> 
     </span>
     <span class='ocr_line' id='line_1_21' title="bbox 171 2458 1270 2556; baseline 0.001 -26"><span class='ocrx_word' id='word_1_146' title='bbox 171 2458 349 2531; x_wconf 82' lang='lat' dir='ltr'><strong><em>habentur</em></strong></span> <span class='ocrx_word' id='word_1_147' title='bbox 365 2460 402 2531; x_wconf 90' lang='lat' dir='ltr'><strong><em>in</em></strong></span> <span class='ocrx_word' id='word_1_148' title='bbox 419 2458 535 2533; x_wconf 80' lang='lat' dir='ltr'><strong><em>verbis</em></strong></span> <span class='ocrx_word' id='word_1_149' title='bbox 552 2464 685 2555; x_wconf 84' lang='lat' dir='ltr'><strong><em>quanto</em></strong></span> <span class='ocrx_word' id='word_1_150' title='bbox 705 2512 826 2533; x_wconf 85' lang='lat'><strong>.......</strong></span> <span class='ocrx_word' id='word_1_151' title='bbox 833 2468 929 2533; x_wconf 77' lang='lat' dir='ltr'><strong><em>intur</em></strong></span> <span class='ocrx_word' id='word_1_152' title='bbox 953 2462 989 2533; x_wconf 90' lang='lat' dir='ltr'><strong><em>in</em></strong></span> <span class='ocrx_word' id='word_1_153' title='bbox 1015 2462 1134 2556; x_wconf 74' lang='lat' dir='ltr'><strong><em>vestis.</em></strong></span> <span class='ocrx_word' id='word_1_154' title='bbox 1183 2460 1270 2533; x_wconf 84' lang='lat' dir='ltr'><strong><em>Idea</em></strong></span> 
     </span>
     <span class='ocr_line' id='line_1_22' title="bbox 173 2559 1270 2655; baseline 0.002 -25"><span class='ocrx_word' id='word_1_155' title='bbox 173 2581 246 2654; x_wconf 86' lang='lat' dir='ltr'><strong><em>qua</em></strong></span> <span class='ocrx_word' id='word_1_156' title='bbox 256 2611 265 2630; x_wconf 83' lang='grc'><strong>.</strong></span> <span class='ocrx_word' id='word_1_157' title='bbox 276 2612 284 2629; x_wconf 94' lang='grc'><strong>.</strong></span> <span class='ocrx_word' id='word_1_158' title='bbox 296 2614 304 2629; x_wconf 95' lang='grc'><strong>.</strong></span> <span class='ocrx_word' id='word_1_159' title='bbox 316 2559 664 2633; x_wconf 70' lang='lat' dir='ltr'><strong><em>medaucdetasimt</em></strong></span> <span class='ocrx_word' id='word_1_160' title='bbox 677 2560 897 2655; x_wconf 77' lang='lat' dir='ltr'><strong><em>espastuiat.</em></strong></span> <span class='ocrx_word' id='word_1_161' title='bbox 908 2616 932 2633; x_wconf 87' lang='lat'><strong><em>..</em></strong></span> <span class='ocrx_word' id='word_1_162' title='bbox 1014 2560 1161 2633; x_wconf 73' lang='lat' dir='ltr'><strong><em>mione</em></strong></span> <span class='ocrx_word' id='word_1_163' title='bbox 1179 2560 1270 2632; x_wconf 87' lang='lat' dir='ltr'><strong><em>edis·</em></strong></span> 
     </span>
     <span class='ocr_line' id='line_1_23' title="bbox 172 2660 1269 2756; baseline 0 -25"><span class='ocrx_word' id='word_1_164' title='bbox 172 2682 293 2731; x_wconf 88' lang='lat' dir='ltr'><strong><em>serens</em></strong></span> <span class='ocrx_word' id='word_1_165' title='bbox 318 2665 353 2731; x_wconf 87' lang='lat' dir='ltr'><strong><em>et</em></strong></span> <span class='ocrx_word' id='word_1_166' title='bbox 377 2660 530 2756; x_wconf 87' lang='lat' dir='ltr'><strong><em>quedam</em></strong></span> <span class='ocrx_word' id='word_1_167' title='bbox 556 2714 677 2733; x_wconf 91' lang='grc'><strong>.......</strong></span> <span class='ocrx_word' id='word_1_168' title='bbox 686 2661 829 2732; x_wconf 78' lang='lat' dir='ltr'><strong><em>²..udcm</em></strong></span> <span class='ocrx_word' id='word_1_169' title='bbox 846 2663 1014 2735; x_wconf 82' lang='lat' dir='ltr'><strong><em>&#39;inserens</em></strong></span> <span class='ocrx_word' id='word_1_170' title='bbox 1039 2685 1063 2732; x_wconf 90' lang='lat' dir='ltr'><strong><em>a</em></strong></span> <span class='ocrx_word' id='word_1_171' title='bbox 1082 2663 1269 2755; x_wconf 74' lang='lat' dir='ltr'><strong><em>emaciane</em></strong></span> 
     </span>
     <span class='ocr_line' id='line_1_24' title="bbox 172 2759 1269 2834; baseline 0.001 -4"><span class='ocrx_word' id='word_1_172' title='bbox 172 2813 288 2831; x_wconf 87' lang='grc'><strong>.......</strong></span> <span class='ocrx_word' id='word_1_173' title='bbox 307 2759 444 2831; x_wconf 87' lang='lat' dir='ltr'><strong><em>ordinis</em></strong></span> <span class='ocrx_word' id='word_1_174' title='bbox 458 2760 644 2832; x_wconf 85' lang='lat' dir='ltr'><strong><em>verboram</em></strong></span> <span class='ocrx_word' id='word_1_175' title='bbox 663 2760 856 2833; x_wconf 87' lang='lat' dir='ltr'><strong><em>seeundum</em></strong></span> <span class='ocrx_word' id='word_1_176' title='bbox 877 2759 1031 2837; x_wconf 63' lang='lat' dir='ltr'><strong><em>rm...</em></strong></span> <span class='ocrx_word' id='word_1_177' title='bbox 1051 2760 1217 2834; x_wconf 75' lang='lat' dir='ltr'><strong><em>‚ribendo</em></strong></span> <span class='ocrx_word' id='word_1_178' title='bbox 1235 2766 1269 2832; x_wconf 91' lang='lat' dir='ltr'><strong><em>et</em></strong></span> 
     </span>
     <span class='ocr_line' id='line_1_25' title="bbox 167 2858 1266 2954; baseline 0.001 -23"><span class='ocrx_word' id='word_1_179' title='bbox 167 2858 258 2933; x_wconf 72' lang='lat' dir='ltr'><strong><em>kuic</em></strong></span> <span class='ocrx_word' id='word_1_180' title='bbox 287 2860 458 2953; x_wconf 79' lang='lat' dir='ltr'><strong><em>opusculo</em></strong></span> <span class='ocrx_word' id='word_1_181' title='bbox 495 2860 538 2931; x_wconf 89' lang='lat' dir='ltr'><strong><em>de</em></strong></span> <span class='ocrx_word' id='word_1_182' title='bbox 733 2862 964 2954; x_wconf 83' lang='lat' dir='ltr'><strong><em>preponendo</em></strong></span> <span class='ocrx_word' id='word_1_183' title='bbox 994 2866 1266 2932; x_wconf 78' lang='lat' dir='ltr'><strong><em>uterentur...</em></strong></span> 
     </span>
     <span class='ocr_line' id='line_1_26' title="bbox 172 2956 1267 3054; baseline -0.001 -22"><span class='ocrx_word' id='word_1_184' title='bbox 172 2984 258 3033; x_wconf 79' lang='lat' dir='ltr'><strong><em>suar</em></strong></span> <span class='ocrx_word' id='word_1_185' title='bbox 263 3014 353 3033; x_wconf 88' lang='grc'><strong>.....</strong></span> <span class='ocrx_word' id='word_1_186' title='bbox 365 2962 421 3033; x_wconf 86' lang='lat' dir='ltr'><strong><em>isa</em></strong></span> <span class='ocrx_word' id='word_1_187' title='bbox 447 2956 700 3034; x_wconf 81' lang='lat' dir='ltr'><strong><em>vacrsuiis&#39;simv</em></strong></span> <span class='ocrx_word' id='word_1_188' title='bbox 728 2960 943 3049; x_wconf 72' lang='lat' dir='ltr'><strong><em>nnvspvevs</em></strong></span> <span class='ocrx_word' id='word_1_189' title='bbox 1014 3014 1100 3034; x_wconf 85' lang='lat'><strong>.....</strong></span> <span class='ocrx_word' id='word_1_190' title='bbox 1127 2962 1162 3039; x_wconf 85' lang='lat' dir='ltr'><strong><em>in</em></strong></span> <span class='ocrx_word' id='word_1_191' title='bbox 1185 2983 1267 3054; x_wconf 79' lang='lat' dir='ltr'><strong><em>per·</em></strong></span> 
     </span>
     <span class='ocr_line' id='line_1_27' title="bbox 171 3052 1266 3136; baseline -0.001 -4"><span class='ocrx_word' id='word_1_192' title='bbox 171 3061 269 3133; x_wconf 86' lang='lat' dir='ltr'><strong><em>sonis</em></strong></span> <span class='ocrx_word' id='word_1_193' title='bbox 287 3052 411 3133; x_wconf 83' lang='lat' dir='ltr'><strong><em>merito</em></strong></span> <span class='ocrx_word' id='word_1_194' title='bbox 427 3061 693 3134; x_wconf 77' lang='lat' dir='ltr'><strong><em>canimendeiur</em></strong></span> <span class='ocrx_word' id='word_1_195' title='bbox 707 3058 965 3136; x_wconf 76' lang='lat' dir='ltr'><strong><em>.....‚..&#39;ecatur-·</em></strong></span> <span class='ocrx_word' id='word_1_196' title='bbox 978 3063 1014 3133; x_wconf 89' lang='lat' dir='ltr'><strong><em>in</em></strong></span> <span class='ocrx_word' id='word_1_197' title='bbox 1027 3059 1266 3134; x_wconf 75' lang='lat' dir='ltr'><strong><em>mundiarea·</em></strong></span> 
     </span>
     <span class='ocr_line' id='line_1_28' title="bbox 171 3159 1267 3251; baseline 0.002 -20"><span class='ocrx_word' id='word_1_198' title='bbox 171 3163 281 3251; x_wconf 80' lang='lat' dir='ltr'><strong><em>viane,</em></strong></span> <span class='ocrx_word' id='word_1_199' title='bbox 305 3183 397 3233; x_wconf 84' lang='lat' dir='ltr'><strong><em>unus</em></strong></span> <span class='ocrx_word' id='word_1_200' title='bbox 416 3183 530 3233; x_wconf 74' lang='lat' dir='ltr'><strong><em>...vn</em></strong></span> <span class='ocrx_word' id='word_1_201' title='bbox 551 3178 703 3233; x_wconf 84' lang='lat' dir='ltr'><strong><em>causam</em></strong></span> <span class='ocrx_word' id='word_1_202' title='bbox 716 3159 899 3233; x_wconf 62' lang='lat' dir='ltr'><strong><em>»tacrdaiiti</em></strong></span> <span class='ocrx_word' id='word_1_203' title='bbox 916 3184 1009 3233; x_wconf 82' lang='lat' dir='ltr'><strong><em>ausu</em></strong></span> <span class='ocrx_word' id='word_1_204' title='bbox 1026 3165 1075 3233; x_wconf 86' lang='lat' dir='ltr'><strong><em>mi</em></strong></span> <span class='ocrx_word' id='word_1_205' title='bbox 1079 3214 1176 3233; x_wconf 88' lang='grc'><strong>......</strong></span> <span class='ocrx_word' id='word_1_206' title='bbox 1182 3184 1267 3233; x_wconf 93' lang='lat' dir='ltr'><strong><em>ura·</em></strong></span> 
     </span>
     <span class='ocr_line' id='line_1_29' title="bbox 171 3259 1267 3356; baseline 0.001 -25"><span class='ocrx_word' id='word_1_207' title='bbox 171 3260 231 3331; x_wconf 79' lang='lat' dir='ltr'><strong><em>bili</em></strong></span> <span class='ocrx_word' id='word_1_208' title='bbox 244 3260 381 3356; x_wconf 75' lang='lat' dir='ltr'><strong><em>eloquio</em></strong></span> <span class='ocrx_word' id='word_1_209' title='bbox 396 3262 544 3356; x_wconf 80' lang='lat' dir='ltr'><strong><em>quesivit</em></strong></span> <span class='ocrx_word' id='word_1_210' title='bbox 554 3260 699 3341; x_wconf 77' lang='lat' dir='ltr'><strong><em>invenit,</em></strong></span> <span class='ocrx_word' id='word_1_211' title='bbox 710 3315 789 3333; x_wconf 91' lang='grc'><strong><em>.....</em></strong></span> <span class='ocrx_word' id='word_1_212' title='bbox 805 3281 885 3333; x_wconf 88' lang='lat' dir='ltr'><strong><em>eam</em></strong></span> <span class='ocrx_word' id='word_1_213' title='bbox 899 3259 1057 3333; x_wconf 85' lang='lat' dir='ltr'><strong><em>divinam</em></strong></span> <span class='ocrx_word' id='word_1_214' title='bbox 1072 3263 1267 3333; x_wconf 85' lang='lat' dir='ltr'><strong><em>esseuciam</em></strong></span> 
     </span>
     <span class='ocr_line' id='line_1_30' title="bbox 170 3360 1266 3445; baseline 0.002 -14"><span class='ocrx_word' id='word_1_215' title='bbox 170 3360 361 3445; x_wconf 73' lang='lat' dir='ltr'><strong><em>formalem</em></strong></span> <span class='ocrx_word' id='word_1_216' title='bbox 382 3416 521 3433; x_wconf 91' lang='grc'><strong>........</strong></span> <span class='ocrx_word' id='word_1_217' title='bbox 533 3360 626 3431; x_wconf 78' lang='lat' dir='ltr'><strong><em>adem</em></strong></span> <span class='ocrx_word' id='word_1_218' title='bbox 644 3360 801 3432; x_wconf 87' lang='lat' dir='ltr'><strong><em>divinam</em></strong></span> <span class='ocrx_word' id='word_1_219' title='bbox 821 3361 1012 3433; x_wconf 77' lang='lat' dir='ltr'><strong><em>bonitatem</em></strong></span> <span class='ocrx_word' id='word_1_220' title='bbox 1036 3385 1142 3433; x_wconf 80' lang='lat' dir='ltr'><strong><em>eaor.</em></strong></span> <span class='ocrx_word' id='word_1_221' title='bbox 1154 3416 1179 3433; x_wconf 87' lang='lat'><strong><em>..</em></strong></span> <span class='ocrx_word' id='word_1_222' title='bbox 1191 3385 1266 3433; x_wconf 92' lang='lat' dir='ltr'><strong><em>.um</em></strong></span> 
     </span>
     <span class='ocr_line' id='line_1_31' title="bbox 171 3460 1267 3534; baseline 0.004 -5"><span class='ocrx_word' id='word_1_223' title='bbox 171 3462 335 3532; x_wconf 74' lang='lat' dir='ltr'><strong><em>insistens</em></strong></span> <span class='ocrx_word' id='word_1_224' title='bbox 361 3463 398 3531; x_wconf 85' lang='lat' dir='ltr'><strong><em>in</em></strong></span> <span class='ocrx_word' id='word_1_225' title='bbox 421 3461 583 3533; x_wconf 86' lang='lat' dir='ltr'><strong><em>omnibus</em></strong></span> <span class='ocrx_word' id='word_1_226' title='bbox 609 3460 822 3532; x_wconf 85' lang='lat' dir='ltr'><strong><em>br·e...ntas</em></strong></span> <span class='ocrx_word' id='word_1_227' title='bbox 852 3460 1042 3533; x_wconf 79' lang='lat' dir='ltr'><strong><em>ceadiencia</em></strong></span> <span class='ocrx_word' id='word_1_228' title='bbox 1068 3468 1123 3534; x_wconf 88' lang='lat' dir='ltr'><strong><em>est</em></strong></span> <span class='ocrx_word' id='word_1_229' title='bbox 1148 3464 1267 3533; x_wconf 81' lang='lat' dir='ltr'><strong><em>anriea</em></strong></span> 
     </span>
     <span class='ocr_line' id='line_1_32' title="bbox 173 3558 1267 3655; baseline 0.002 -24"><span class='ocrx_word' id='word_1_230' title='bbox 173 3613 300 3633; x_wconf 86' lang='grc'><strong>.......</strong></span> <span class='ocrx_word' id='word_1_231' title='bbox 318 3560 418 3654; x_wconf 81' lang='lat' dir='ltr'><strong><em>quod</em></strong></span> <span class='ocrx_word' id='word_1_232' title='bbox 431 3568 576 3655; x_wconf 71' lang='lat' dir='ltr'><strong><em>¹aratum</em></strong></span> <span class='ocrx_word' id='word_1_233' title='bbox 595 3568 646 3634; x_wconf 88' lang='lat' dir='ltr'><strong><em>est</em></strong></span> <span class='ocrx_word' id='word_1_234' title='bbox 660 3560 824 3633; x_wconf 74' lang='lat' dir='ltr'><strong><em>ammineo</em></strong></span> <span class='ocrx_word' id='word_1_235' title='bbox 911 3615 919 3633; x_wconf 89' lang='lat'><strong>.</strong></span> <span class='ocrx_word' id='word_1_236' title='bbox 929 3616 936 3632; x_wconf 92' lang='lat'><strong>.</strong></span> <span class='ocrx_word' id='word_1_237' title='bbox 945 3564 1061 3635; x_wconf 83' lang='lat' dir='ltr'><strong><em>vitans</em></strong></span> <span class='ocrx_word' id='word_1_238' title='bbox 1075 3558 1267 3648; x_wconf 75' lang='lat' dir='ltr'><strong><em>dificultate</em></strong></span> 
     </span>
     <span class='ocr_line' id='line_1_33' title="bbox 171 3659 947 3753; baseline 0.001 -22"><span class='ocrx_word' id='word_1_239' title='bbox 171 3712 417 3732; x_wconf 86' lang='grc'><strong>.............</strong></span> <span class='ocrx_word' id='word_1_240' title='bbox 436 3664 595 3733; x_wconf 81' lang='lat' dir='ltr'><strong><em>cernerit</em></strong></span> <span class='ocrx_word' id='word_1_241' title='bbox 608 3663 758 3753; x_wconf 73' lang='lat' dir='ltr'><strong><em>penitus.</em></strong></span> <span class='ocrx_word' id='word_1_242' title='bbox 794 3659 914 3733; x_wconf 74' lang='lat' dir='ltr'><strong><em>Aenesi.</em></strong></span> <span class='ocrx_word' id='word_1_243' title='bbox 945 3689 947 3692; x_wconf 93' lang='lat'>·</span> 
     </span>
    </p>
   </div>
   <div class='ocr_carea' id='block_1_4' title="bbox 469 3759 972 3855">
    <p class='ocr_par' dir='ltr' id='par_1_4' title="bbox 469 3759 972 3855">
     <span class='ocr_line' id='line_1_34' title="bbox 469 3759 972 3855; baseline 0.002 -24"><span class='ocrx_word' id='word_1_244' title='bbox 469 3759 682 3835; x_wconf 77' lang='lat' dir='ltr'><strong><em>oximen</em></strong></span> <span class='ocrx_word' id='word_1_245' title='bbox 709 3760 972 3855; x_wconf 79' lang='lat' dir='ltr'><strong><em>mameae.</em></strong></span> 
     </span>
    </p>
   </div>
   <div class='ocr_carea' id='block_1_5' title="bbox 164 3890 1268 4261">
    <p class='ocr_par' dir='ltr' id='par_1_5' title="bbox 164 3890 1268 4261">
     <span class='ocr_line' id='line_1_35' title="bbox 164 3890 1267 3950; baseline 0.002 -3"><span class='ocrx_word' id='word_1_246' title='bbox 164 3906 184 3921; x_wconf 87' lang='lat'><strong><em>·&#39;</em></strong></span> <span class='ocrx_word' id='word_1_247' title='bbox 244 3890 333 3948; x_wconf 73' lang='lat' dir='ltr'><strong><em>Prima</em></strong></span> <span class='ocrx_word' id='word_1_248' title='bbox 354 3902 410 3947; x_wconf 81' lang='lat' dir='ltr'><strong><em>etse</em></strong></span> <span class='ocrx_word' id='word_1_249' title='bbox 430 3894 457 3947; x_wconf 86' lang='lat' dir='ltr'><strong><em>in</em></strong></span> <span class='ocrx_word' id='word_1_250' title='bbox 478 3894 586 3949; x_wconf 77' lang='lat' dir='ltr'><strong><em>exordio</em></strong></span> <span class='ocrx_word' id='word_1_251' title='bbox 606 3910 655 3948; x_wconf 81' lang='lat' dir='ltr'><strong><em>suo</em></strong></span> <span class='ocrx_word' id='word_1_252' title='bbox 676 3896 870 3950; x_wconf 70' lang='lat' dir='ltr'><strong><em>...cressione</em></strong></span> <span class='ocrx_word' id='word_1_253' title='bbox 890 3896 991 3950; x_wconf 78' lang='lat' dir='ltr'><strong><em>viandi.</em></strong></span> <span class='ocrx_word' id='word_1_254' title='bbox 1025 3893 1116 3949; x_wconf 77' lang='lat' dir='ltr'><strong><em>Primo</em></strong></span> <span class='ocrx_word' id='word_1_255' title='bbox 1135 3894 1205 3949; x_wconf 83' lang='lat' dir='ltr'><strong><em>enim</em></strong></span> <span class='ocrx_word' id='word_1_256' title='bbox 1223 3896 1267 3950; x_wconf 86' lang='lat' dir='ltr'><strong><em>dic</em></strong></span> 
     </span>
     <span class='ocr_line' id='line_1_36' title="bbox 171 3965 1268 4039; baseline 0.002 -19"><span class='ocrx_word' id='word_1_257' title='bbox 171 3965 246 4020; x_wconf 83' lang='lat' dir='ltr'><strong><em>Deus</em></strong></span> <span class='ocrx_word' id='word_1_258' title='bbox 265 3966 293 4021; x_wconf 86' lang='lat' dir='ltr'><strong><em>in</em></strong></span> <span class='ocrx_word' id='word_1_259' title='bbox 312 3967 380 4021; x_wconf 87' lang='lat' dir='ltr'><strong><em>lvcis</em></strong></span> <span class='ocrx_word' id='word_1_260' title='bbox 399 3966 508 4021; x_wconf 88' lang='lat' dir='ltr'><strong><em>nomine</em></strong></span> <span class='ocrx_word' id='word_1_261' title='bbox 528 3968 649 4021; x_wconf 81' lang='lat' dir='ltr'><strong><em>condidit</em></strong></span> <span class='ocrx_word' id='word_1_262' title='bbox 667 3969 792 4037; x_wconf 67' lang='lat' dir='ltr'><strong><em>vngemm</em></strong></span> <span class='ocrx_word' id='word_1_263' title='bbox 818 3968 929 4022; x_wconf 82' lang='lat' dir='ltr'><strong><em>secundi</em></strong></span> <span class='ocrx_word' id='word_1_264' title='bbox 954 3970 983 4021; x_wconf 88' lang='lat' dir='ltr'><strong><em>ia</em></strong></span> <span class='ocrx_word' id='word_1_265' title='bbox 1001 3968 1162 4022; x_wconf 76' lang='lat' dir='ltr'><strong><em>firmamenti</em></strong></span> <span class='ocrx_word' id='word_1_266' title='bbox 1180 3985 1268 4039; x_wconf 55' lang='lat' dir='ltr'><strong><em>appe</em></strong></span> 
     </span>
     <span class='ocr_line' id='line_1_37' title="bbox 170 4039 1267 4113; baseline 0.003 -21"><span class='ocrx_word' id='word_1_267' title='bbox 170 4039 275 4094; x_wconf 78' lang='lat' dir='ltr'><strong><em>lesione</em></strong></span> <span class='ocrx_word' id='word_1_268' title='bbox 295 4040 381 4104; x_wconf 84' lang='lat' dir='ltr'><strong><em>veios,</em></strong></span> <span class='ocrx_word' id='word_1_269' title='bbox 407 4040 491 4095; x_wconf 78' lang='lat' dir='ltr'><strong><em>tercio</em></strong></span> <span class='ocrx_word' id='word_1_270' title='bbox 510 4042 537 4094; x_wconf 90' lang='lat' dir='ltr'><strong><em>in</em></strong></span> <span class='ocrx_word' id='word_1_271' title='bbox 558 4042 603 4093; x_wconf 90' lang='lat' dir='ltr'><strong><em>die</em></strong></span> <span class='ocrx_word' id='word_1_272' title='bbox 623 4042 830 4099; x_wconf 60' lang='lat' dir='ltr'><strong><em>...memnonis</em></strong></span> <span class='ocrx_word' id='word_1_273' title='bbox 849 4042 981 4095; x_wconf 76' lang='lat' dir='ltr'><strong><em>vocabulo</em></strong></span> <span class='ocrx_word' id='word_1_274' title='bbox 1000 4042 1118 4113; x_wconf 77' lang='lat' dir='ltr'><strong><em>speciem</em></strong></span> <span class='ocrx_word' id='word_1_275' title='bbox 1137 4058 1267 4112; x_wconf 74' lang='lat' dir='ltr'><strong><em>equarum</em></strong></span> 
     </span>
     <span class='ocr_line' id='line_1_38' title="bbox 170 4112 1266 4187; baseline 0.002 -22"><span class='ocrx_word' id='word_1_276' title='bbox 170 4120 199 4165; x_wconf 80' lang='lat' dir='ltr'><strong><em>ei</em></strong></span> <span class='ocrx_word' id='word_1_277' title='bbox 215 4121 298 4175; x_wconf 78' lang='lat' dir='ltr'><strong><em>terre;</em></strong></span> <span class='ocrx_word' id='word_1_278' title='bbox 318 4122 413 4185; x_wconf 74' lang='lat' dir='ltr'><strong><em>quatio</em></strong></span> <span class='ocrx_word' id='word_1_279' title='bbox 429 4123 517 4168; x_wconf 81' lang='lat' dir='ltr'><strong><em>eutem</em></strong></span> <span class='ocrx_word' id='word_1_280' title='bbox 535 4112 677 4167; x_wconf 76' lang='lat' dir='ltr'><strong><em>luminaria</em></strong></span> <span class='ocrx_word' id='word_1_281' title='bbox 694 4114 759 4175; x_wconf 81' lang='lat' dir='ltr'><strong><em>ceii;</em></strong></span> <span class='ocrx_word' id='word_1_282' title='bbox 781 4115 874 4185; x_wconf 86' lang='lat' dir='ltr'><strong><em>quinto</em></strong></span> <span class='ocrx_word' id='word_1_283' title='bbox 888 4131 952 4167; x_wconf 73' lang='lat' dir='ltr'><strong><em>vero</em></strong></span> <span class='ocrx_word' id='word_1_284' title='bbox 968 4115 1116 4168; x_wconf 71' lang='lat' dir='ltr'><strong><em>animensis</em></strong></span> <span class='ocrx_word' id='word_1_285' title='bbox 1133 4132 1165 4168; x_wconf 75' lang='lat' dir='ltr'><strong><em>ex</em></strong></span> <span class='ocrx_word' id='word_1_286' title='bbox 1180 4115 1266 4187; x_wconf 79' lang='lat' dir='ltr'><strong><em>equis,</em></strong></span> 
     </span>
     <span class='ocr_line' id='line_1_39' title="bbox 168 4186 1148 4261; baseline 0.001 -23"><span class='ocrx_word' id='word_1_287' title='bbox 168 4194 244 4239; x_wconf 80' lang='lat' dir='ltr'><strong><em>sexto</em></strong></span> <span class='ocrx_word' id='word_1_288' title='bbox 263 4186 413 4241; x_wconf 80' lang='lat' dir='ltr'><strong><em>animonoin</em></strong></span> <span class='ocrx_word' id='word_1_289' title='bbox 434 4204 465 4242; x_wconf 84' lang='lat' dir='ltr'><strong><em>ex</em></strong></span> <span class='ocrx_word' id='word_1_290' title='bbox 485 4196 555 4243; x_wconf 79' lang='lat' dir='ltr'><strong><em>terre</em></strong></span> <span class='ocrx_word' id='word_1_291' title='bbox 576 4194 603 4241; x_wconf 86' lang='lat' dir='ltr'><strong><em>et</em></strong></span> <span class='ocrx_word' id='word_1_292' title='bbox 621 4186 767 4252; x_wconf 83' lang='lat' dir='ltr'><strong><em>hominem,</em></strong></span> <span class='ocrx_word' id='word_1_293' title='bbox 787 4204 868 4261; x_wconf 77' lang='lat' dir='ltr'><strong><em>quem</em></strong></span> <span class='ocrx_word' id='word_1_294' title='bbox 887 4187 1032 4259; x_wconf 64' lang='lat' dir='ltr'><strong><em>appellauit</em></strong></span> <span class='ocrx_word' id='word_1_295' title='bbox 1050 4186 1148 4243; x_wconf 75' lang='lat' dir='ltr'><strong><em>Adam.</em></strong></span> 
     </span>
    </p>
   </div>
   <div class='ocr_carea' id='block_1_6' title="bbox 0 0 1530 4900">
    <p class='ocr_par' dir='ltr' id='par_1_6' title="bbox 0 0 1530 4900">
     <span class='ocr_line' id='line_1_40' title="bbox 0 0 1530 4900; baseline 0 1"><span class='ocrx_word' id='word_1_296' title='bbox 0 0 1530 4900; x_wconf 95' lang='lat' dir='ltr'><strong><em> </em></strong></span> 
     </span>
    </p>
   </div>
  </div>
 </body>
</html>
