3050 4900
273 442 456 548 cobrin.
479 472 646 545 runnu.
668 469 963 546 ronononun
986 468 1012 545 1.
1030 472 1090 546 nr
1107 470 1164 547 n1.
1217 477 1265 547 rr

168 670 361 743 Poloniam
381 671 482 744 duxit
501 671 563 768 qui
587 671 784 768 Slupczam
813 671 1001 744 civitatem
1028 683 1177 770 captam
1203 675 1264 746 de·

167 781 374 866 vastantes,
394 772 430 842 in
451 771 583 843 Pisder
602 772 661 843 ubi
680 781 770 843 tunc
786 772 997 844 Kazimirus
1017 783 1110 868 erat,
1131 773 1264 846 venire

166 871 427 943 festinabant'
418 896 542 984 ipsum
568 895 800 969 preocupare
828 872 1035 986 cupientes
1088 875 1163 947 Sed
1181 874 1262 946 Deo

166 972 294 1042 volent
280 981 318 1042 te
338 997 358 1042 a
376 970 524 1043 civitate
544 973 787 1064 discesserat,
809 997 936 1086 quem·
948 973 1067 1045 eciam
1086 982 1177 1045 tunc
1194 997 1265 1071 per

165 1071 335 1142 fraudem
365 1082 402 1142 et
427 1071 701 1185 neglicenciam
719 1070 936 1144 fidelium
905 1072 1041 1146 civium
1067 1073 1262 1170 capientes

167 1181 203 1243 et
222 1170 389 1268 pluribus
409 1172 543 1244 occisis
564 1183 600 1244 et
620 1183 787 1244 cremata
812 1172 961 1245 civitate
990 1197 1074 1246 cum
1104 1175 1261 1246 fratrum

77 1316 80 1321 -
165 1272 417 1368 monasterio,
455 1272 541 1344 inde
582 1273 752 1344 abierunt
789 1283 826 1344 et
857 1284 1111 1371 pervagantes
1143 1284 1261 1346 totam

164 1395 264 1469 pene
293 1395 339 1444 ex
363 1372 424 1444 illa
450 1383 556 1469 parte
581 1373 693 1444 Varte
719 1383 859 1445 terram
885 1384 1045 1458 vastant.
1098 1373 1262 1448 Civitati·

164 1476 252 1567 bus,
289 1473 500 1544 forensibus
531 1482 568 1544 et
592 1473 673 1544 aliis
699 1473 899 1545 municulis
925 1474 1125 1569 crematis,
1158 1474 1260 1546 nullo

165 1577 359 1666 obstante,
395 1573 595 1644 Vincencio
643 1572 814 1669 pessimo
856 1574 1071 1647 fraudatore
1107 1584 1260 1688 agente,

165 1673 339 1770 quamvis
355 1697 440 1744 cum
456 1697 594 1770 magno
625 1674 788 1787 dampno
811 1698 979 1782 suorum,
1005 1699 1090 1746 cum
1117 1674 1260 1770 ingenti

164 1772 336 1870 predam
363 1773 515 1846 Thorun
536 1783 623 1846 sunt
641 1774 796 1846 reversi.
832 1765 886 1846 Et
894 1798 968 1846 non
987 1784 1075 1871 post
1100 1775 1259 1848 multum

162 1884 328 1970 tempus,
346 1884 577 1970 congregato
598 1874 762 1946 exercitu
779 1874 931 1971 copioso
951 1885 988 1946 et
1007 1874 1259 1972 stipendiariis

155 1971 209 2046 'de
226 1975 330 2046 lleno
344 1984 381 2046 et
392 1973 473 2045 aliis
485 1974 651 2071 partibus
665 1976 937 2046 Almannorum
953 1974 1258 2072 quamplurimis,

160 2073 375 2146 Lanciciam
395 2077 639 2170 advenerunt,
659 2098 771 2171 quam
786 2077 1043 2170 devastanteS,
1061 2075 1257 2168 Syradiam

161 2174 327 2270 ingressi
351 2175 491 2247 Uneow
518 2173 709 2246 civitatem
735 2185 773 2246 et
791 2185 956 2247 castrum
977 2186 1013 2247 et
1032 2175 1129 2247 aliud
1148 2175 1258 2269 Syra·

91 2357 94 2362 ,
161 2275 294 2347 diense
315 2284 479 2346 castrum
500 2283 538 2345 et
561 2275 732 2347 civitates
753 2286 982 2371 cremantes,
1000 2277 1038 2346 in
1052 2275 1155 2348 Kalis
1173 2299 1278 2373 per--

160 2387 359 2472 venerunt,
379 2399 490 2473 quam
506 2377 650 2447 duobus
665 2376 795 2448 diebus
810 2386 1073 2474 oppugnantes
1090 2385 1128 2448 et
1144 2374 1259 2448 nichil

162 2474 415 2589 proficientes,
436 2477 680 2573 quadraginta
698 2488 735 2549 e
748 2501 854 2589 pene·
863 2478 946 2575 plus
967 2501 1121 2549 suorum
1145 2477 1257 2550 amis·

162 2576 215 2649 sis
230 2576 266 2648 in
283 2578 411 2670 Conyn
431 2588 699 2673 pervenerunt,
723 2577 784 2649 ubi
799 2577 920 2650 eciam
935 2577 1065 2674 viginti
1080 2577 1256 2651 homines

161 2679 207 2750 ad
222 2702 390 2776 pugnam
406 2677 601 2774 expeditos
617 2678 835 2751 amiserunt
863 2679 942 2750 Rex
965 2702 1129 2776 namque
1152 2679 1257 2751 Polo·

161 2778 268 2851 nicus
286 2777 513 2851 Wladislaus
539 2778 711 2875 quamvis
732 2777 826 2876 ipsis
842 2778 939 2850 circa
962 2777 1177 2850 Lanciciam
1194 2802 1256 2850 oc-

161 2879 343 2951 currisset
371 2888 498 2950 tamen
533 2901 599 2950 eos
635 2878 813 2952 invadere
848 2902 923 2949 non
960 2881 1132 2963 audebat,
1169 2878 1255 2976 quia

159 2978 284 3075 ipsum
305 2989 342 3050 et
359 2978 396 3048 in
416 3002 573 3050 numero
590 2988 626 3049 et
645 2978 906 3049 infortitudine
922 3002 1035 3074 quam
1051 2948 1254 3075 plurimum

160 3082 401 3151 excedebant.
421 3079 495 3153 Sed
515 3082 560 3151 de
580 3078 752 3151 Lancicia
779 3078 948 3175 ipsorum
980 3082 1025 3151 ad
1051 3103 1168 3150 unum
1192 3080 1255 3153 vel

159 3182 231 3251 duo
252 3179 408 3251 miliaria
428 3203 583 3277 semper
601 3184 841 3276 sequebatur,
870 3204 936 3252 eos
955 3179 1166 3275 debilitans,
1189 3204 1254 3252 ve·

159 3280 288 3377 stigio,
308 3280 368 3352 ubi
387 3279 510 3352 eciarn
528 3280 736 3377 predictum
752 3279 1008 3374 Vincencium,
1027 3282 1073 3351 de
1089 3304 1161 3372 quo
1175 3304 1255 3353 me-

157 3381 292 3453 morati
312 3404 457 3477 sumus,
471 3404 541 3477 per
558 3380 701 3453 litteras
718 3390 893 3477 patentes
913 3383 1114 3476 advocans,
1128 3380 1252 3478 ipsum

159 3480 228 3553 sibi
249 3490 286 3551 et
302 3480 377 3551 filio
396 3480 661 3553 reconciliavit.
695 3481 767 3568 Qui
793 3480 1017 3552 Vincencius
1038 3480 1169 3553 volens
1190 3504 1254 3552 no·

157 3579 1254 3677 menperdereinfidelitatisipsosbarbatoseteorumexer·

158 3679 271 3752 citum
298 3680 367 3752 fuit
393 3681 582 3776 sagaciter
605 3681 837 3778 exploratus,
861 3692 898 3753 et
920 3680 1091 3778 quamvis
1112 3681 1253 3753 incom-

156 3780 373 3879 parabiliter
389 3781 517 3877 plures
532 3780 615 3852 illos
636 3792 886 3878 cognosceret
905 3791 943 3853 et
968 3782 1169 3874 forciores,
1202 3805 1251 3854 ne

155 3892 300 3954 metum
326 3880 476 3954 Polonis
505 3891 542 3953 et
569 3882 882 3956 Cracoviensibus
909 3892 946 3955 et
971 3881 1251 3954 Sandomirien·

154 3982 257 4055 sibus
284 3992 321 4055 et
346 3981 428 4055 aliis
447 3981 644 4077 incuteret,
664 3983 767 4081 ipsos
799 3992 975 4081 respectu
1007 3981 1129 4054 nullos
1162 4006 1250 4055 esse

153 4093 191 4155 et
224 4083 339 4155 nichil
362 4106 479 4182 posse
511 4082 729 4180 affirmavit,
767 4084 939 4182 quamvis
968 4082 1069 4178 regis
1097 4082 1249 4156 auribus

125 4222 126 4227 ,
151 4182 249 4256 aliud
270 4184 458 4258 inculcare
476 4208 550 4257 non
572 4184 730 4257 obmisit.
768 4183 928 4257 Veniens
946 4182 1061 4279 igitur
1077 4207 1143 4255 rex
1161 4193 1250 4281 post

103 4377 107 4385 Ι
150 4283 1249 4382 ipsosinCuyaviamcircaPloweczvillamultrallaczeow
