3050 4900
411 473 626 550 ANNALES
649 468 1025 551 'ndcflowenses
1214 478 1275 552 99·

165 672 325 748 tbcrine.
404 677 693 771 Eodem-anno⁷
728 675 872 748 scilicet
902 675 1008 749 1348.
1036 672 1074 746 in
1107 698 1262 748 conver·

165 775 272 848 sione
298 774 418 846 sancti
443 773 566 870 Pauli,
593 775 662 847 fuit
688 785 789 847 terre
818 786 942 847 motus
961 799 1137 871 magnus
1165 778 1261 874 quod
1272 798 1320 843 nn-
1334 796 1372 844 25·

164 875 347 945 Villacum
374 873 613 972 subvertitur„
641 875 757 946 multa
784 887 907 948 castra
931 874 1168 972 ceciderunt⁷
1204 900 1263 949 ec·

165 975 294 1070 clesie,
322 974 565 1069 monasteria,
599 984 721 1047 turres
748 975 787 1046 in
815 974 942 1048 multis
969 975 1061 1048 locis
1086 1000 1171 1047 curn
1196 977 1263 1048 ho-

166 1075 327 1147 minibus
365 1084 403 1145 et
440 1073 618 1146 iumentis
663 1075 866 1172 perierunt.
960 1077 1103 1148 Eodem
1142 1076 1262 1148 eciam

165 1199 264 1247 anno
284 1173 321 1246 in
339 1173 521 1247 Avinione
542 1184 643 1246 tanta
671 1176 878 1248 mortalitas
906 1174 975 1246 fuit
993 1179 1090 1272 quod
1109 1201 1183 1248 nna
1202 1177 1261 1249 die

166 1285 362 1346 numerata
391 1285 479 1346 sunt
507 1276 601 1348 1500
625 1275 771 1372 funcra,
798 1287 858 1348 set
891 1276 1041 1348 cottidie
1069 1278 1144 1350 200
1177 1277 1261 1374 plus

164 1374 382 1469 velminus,
410 1373 590 1446 cimiteria
624 1375 750 1448 omnia
784 1376 942 1473 repleta,
976 1400 1074 1447 unus
1103 1399 1262 1473 campus

168 1485 412 1546 consecratus
445 1486 483 1547 et
513 1473 550 1545 in
583 1499 627 1546 eo
647 1476 763 1547 multe
795 1475 905 1548 fovee
937 1499 1077 1572 magne
1103 1478 1261 1573 replete,

167 1575 284 1647 multe
302 1577 437 1646 domus
457 1577 620 1669 deserte,
639 1575 700 1648 ubi
721 1601 816 1648 nnus
845 1575 1003 1647 moritur
1029 1599 1163 1648 omnes
1184 1601 1263 1647 mo·

166 1674 311 1746 riuntur
325 1674 556 1772 postipsum,
574 1676 665 1747 nulii
681 1685 1013 1772 quantumcunque
1030 1675 1130 1748 diviti
1144 1675 1262 1748 missa

169 1777 408 1871 cantabatur,
444 1775 706 1856 defunctorum
744 1801 929 1873 campane
960 1799 1034 1846 non
1064 1776 1264 1873 pulsaban-

166 1885 244 1970 tur,
262 1945 265 1950 ,
280 1899 416 1971 corpus
437 1874 574 1947 Christi
593 1877 717 1949 oculte
736 1882 955 1972 portabatur
974 1899 1041 1972 per
1060 1875 1262 1970 civitatem,

165 1986 375 2047 conventus
394 1973 658 2070 religiosorum
677 1976 864 2066 rarefacti7
885 1976 945 2049 ubi
971 1985 1123 2046 centum
1148 1985 1265 2048 stete·

165 2086 250 2146 rant
273 2076 334 2146 vix
364 2077 497 2146 decern
529 2085 807 2172 remanserunt,
846 2075 918 2148 alia
950 2075 1067 2146 multa
1090 2068 1264 2148 ¹inaudita

167 2174 413 2271 contigerunt.

241 2277 348 2347 Anno
367 2274 517 2348 Domini
543 2277 649 2350 1349.
678 2275 825 2347 nunccii
851 2275 1118 2347 Tlrartarorum
1152 2299 1263 2348 vene·

166 2386 253 2447 runt
271 2377 316 2448 ad
343 2399 475 2473 regem
499 2375 664 2452 Polonie.
741 2375 881 2450 Eodem
918 2401 1017 2447 anno
1053 2375 1262 2448 mortalitas

168 2501 306 2574 magna
336 2477 404 2549 fuit
430 2477 469 2547 in
495 2501 613 2573 regno
645 2478 822 2573 Ungarie⁷
862 2478 979 2549 multe
1019 2476 1190 2549 civitates
1228 2488 1266 2549 et

166 2578 253 2649 ville
298 2579 447 2650 deserte
490 2576 760 2650 habitatoribus
796 2588 976 2672 vacuate,
1012 2575 1112 2649 unde
1145 2578 1263 2649 multe

166 2688 290 2750 turme
312 2677 507 2750 hominum
527 2688 606 2752 tam
625 2680 670 2750 de
688 2678 854 2774 Ungaria
874 2703 987 2775 quam
1007 2680 1052 2749 de
1076 2678 1159 2750 aliis
1178 2703 1263 2776 par-

165 2778 264 2851 tibus
284 2778 447 2849 adiuncti
473 2778 679 2849 circuibant
706 2775 943 2873 flagellantes
973 2800 1037 2872 se⁷
1070 2777 1108 2848 in
1142 2778 1263 2849 lutum
1323 2815 1326 2821 ·

166 2880 360 2974 cadentes⁷
387 2901 567 2973 magnam
600 2876 921 2972 conpunccionem
947 2886 984 2947 et
1011 2876 1263 2973 penitenciam

166 2978 248 3050 aliis
268 2977 491 3070 indixerunt,
517 2975 683 3071 virgines
711 2976 831 3048 eciam
856 3000 982 3074 parwe
1002 2986 1040 3048 et
1057 3001 1197 3073 magne
1216 2978 1263 3050 de

164 3077 263 3149 villis
283 3075 425 3175 sparsis
446 3076 607 3149 crinibus
635 3075 671 3147 in
699 3080 854 3148 modurn
881 3076 1138 3173 processionis
1171 3089 1264 3149 tam-

165 3202 278 3277 quam
302 3201 445 3250 vesane
472 3176 742 3265 discurrebant
770 3182 1015 3251 verberantes
1041 3201 1097 3273 sc,
1124 3189 1162 3249 et
1180 3201 1263 3277 per·

164 3282 367 3352 noctabant
386 3278 423 3350 in
443 3277 546 3351 silvis
563 3281 608 3349 ad
625 3280 812 3374 quendam
827 3278 1051 3375 Gregorium
1068 3302 1180 3375 quem
1194 3302 1262 3376 pro

73 3412 79 3422 ·
168 3390 298 3451 sancto
318 3380 504 3474 colebant,
532 3388 592 3451 set
610 3378 741 3451 deluse
761 3404 783 3450 a
802 3379 960 3472 dyabolo
979 3379 1107 3476 plures
1134 3402 1181 3450 ex
1207 3378 1262 3451 eis

165 3478 368 3576 perierunt.
414 3479 460 3552 Et
484 3478 523 3550 in
549 3476 624 3550 fine
651 3478 821 3551 eiusdem
849 3478 936 3551 anni
961 3503 1028 3551 rex
1054 3477 1262 3550 Kazimirus

165 3588 305 3651 terram
326 3578 461 3651 Russie
480 3578 647 3652 obtinuit.

246 3680 352 3752 1350.
381 3678 480 3751 circa
505 3680 646 3751 festum
675 3677 774 3752 beati
799 3678 1066 3770 Bartholomey
1092 3676 1374 3752 Littwaniau-a.

166 3788 411 3853 vastaverunt
445 3778 643 3875 Russiam⁷
683 3779 821 3851 multos
857 3778 1104 3874 deduxerunt,
1134 3778 1262 3876 plures
1292 3791 1295 3795 ‘

167 3880 396 3954 occiderunt.

244 3981 350 4055 1351.
375 4002 441 4052 rex
463 3976 670 4050 Kazimirus
698 4001 784 4049 cum
813 4001 951 4073 magna
974 3977 1145 4075 potencia
1177 4002 1262 4075 pro-

166 4080 558 4174 cesseratLivoniam7
578 4088 637 4151 set
651 4076 863 4150 infirmatus
887 4078 1006 4173 rediit,
1026 4102 1165 4175 parurn·
1179 4103 1262 4176 pro-

166 4180 264 4253 fecit.

246 4281 351 4354 1352.
397 4278 567 4353 Thartari
609 4287 857 4351 vastaverunt
896 4288 1035 4351 terram
1062 4278 1262 4352 Lubtinen-

166 4404 268 4477 sem⁷
295 4381 434 4453 multos
462 4382 696 4453 deduxerunt
726 4378 952 4452 christianos
971 4389 1011 4518 {t
1036 4380 1262 4451 occiderunt.

946 4485 965 4551 7
