<?xml version="1.0" encoding="UTF-8"?>
<!DOCTYPE html PUBLIC "-//W3C//DTD XHTML 1.0 Transitional//EN"
    "http://www.w3.org/TR/xhtml1/DTD/xhtml1-transitional.dtd">
<html xmlns="http://www.w3.org/1999/xhtml" xml:lang="en" lang="en">
 <head>
  <title>
</title>
<meta http-equiv="Content-Type" content="text/html;charset=utf-8" />
  <meta name='ocr-system' content='tesseract 3.04.00' />
  <meta name='ocr-capabilities' content='ocr_page ocr_carea ocr_par ocr_line ocrx_word'/>
</head>
<body>
  <div class='ocr_page' id='page_1' title='image "annalespoloniae01roepgoog_0092.png"; bbox 0 0 3050 4900; ppageno 0'>
   <div class='ocr_carea' id='block_1_1' title="bbox 294 379 1238 517">
    <p class='ocr_par' dir='ltr' id='par_1_1' title="bbox 294 379 1238 517">
     <span class='ocr_line' id='line_1_1' title="bbox 294 379 1238 517; baseline 0.004 -4"><span class='ocrx_word' id='word_1_1' title='bbox 294 379 341 516; x_wconf 74' lang='grc'>’14</span> <span class='ocrx_word' id='word_1_2' title='bbox 545 440 758 515; x_wconf 78' lang='lat' dir='ltr'>dunatus</span> <span class='ocrx_word' id='word_1_3' title='bbox 787 441 1080 517; x_wconf 82' lang='lat' dir='ltr'><strong>POLONORUM</strong></span> <span class='ocrx_word' id='word_1_4' title='bbox 1108 443 1132 516; x_wconf 89' lang='lat' dir='ltr'>l.</span> <span class='ocrx_word' id='word_1_5' title='bbox 1235 379 1238 385; x_wconf 27' lang='grc'>1</span> 
     </span>
    </p>
   </div>
   <div class='ocr_carea' id='block_1_2' title="bbox 289 641 1390 1340">
    <p class='ocr_par' dir='ltr' id='par_1_2' title="bbox 292 641 1390 836">
     <span class='ocr_line' id='line_1_2' title="bbox 369 641 1390 741; baseline 0 -27"><span class='ocrx_word' id='word_1_6' title='bbox 369 645 476 717; x_wconf 84' lang='grc'>1305.</span> <span class='ocrx_word' id='word_1_7' title='bbox 521 651 661 714; x_wconf 90' lang='lat' dir='ltr'>terram</span> <span class='ocrx_word' id='word_1_8' title='bbox 700 641 1047 716; x_wconf 89' lang='lat' dir='ltr'>Sandomiriensem</span> <span class='ocrx_word' id='word_1_9' title='bbox 1085 641 1228 716; x_wconf 85' lang='lat' dir='ltr'>obtinet</span> <span class='ocrx_word' id='word_1_10' title='bbox 1268 642 1390 741; x_wconf 90' lang='lat' dir='ltr'>predi-</span> 
     </span>
     <span class='ocr_line' id='line_1_3' title="bbox 292 741 734 836; baseline 0.002 -25"><span class='ocrx_word' id='word_1_11' title='bbox 292 751 375 814; x_wconf 87' lang='lat' dir='ltr'>ctus</span> <span class='ocrx_word' id='word_1_12' title='bbox 395 745 468 816; x_wconf 86' lang='lat' dir='ltr'>dux</span> <span class='ocrx_word' id='word_1_13' title='bbox 486 741 734 836; x_wconf 80' lang='lat' dir='ltr'>Wladyslaus</span> 
     </span>
    </p>

    <p class='ocr_par' dir='ltr' id='par_1_3' title="bbox 289 840 1388 1340">
     <span class='ocr_line' id='line_1_4' title="bbox 372 840 1386 937; baseline -0.001 -21"><span class='ocrx_word' id='word_1_14' title='bbox 372 847 476 918; x_wconf 87' lang='grc'><strong>1306.</strong></span> <span class='ocrx_word' id='word_1_15' title='bbox 504 843 634 914; x_wconf 88' lang='lat' dir='ltr'>civitas</span> <span class='ocrx_word' id='word_1_16' title='bbox 655 840 917 915; x_wconf 88' lang='lat' dir='ltr'>Cracoviensis</span> <span class='ocrx_word' id='word_1_17' title='bbox 936 842 1020 915; x_wconf 91' lang='lat' dir='ltr'>duci</span> <span class='ocrx_word' id='word_1_18' title='bbox 1050 843 1263 937; x_wconf 89' lang='lat' dir='ltr'>Wladyslao</span> <span class='ocrx_word' id='word_1_19' title='bbox 1287 843 1386 915; x_wconf 87' lang='lat' dir='ltr'>dicto</span> 
     </span>
     <span class='ocr_line' id='line_1_5' title="bbox 291 940 1388 1016; baseline 0.004 -4"><span class='ocrx_word' id='word_1_20' title='bbox 291 940 435 1015; x_wconf 86' lang='lat' dir='ltr'>Locteh</span> <span class='ocrx_word' id='word_1_21' title='bbox 469 942 537 1016; x_wconf 86' lang='lat' dir='ltr'>sibi</span> <span class='ocrx_word' id='word_1_22' title='bbox 571 942 736 1014; x_wconf 83' lang='lat' dir='ltr'><strong>traditur.</strong></span> <span class='ocrx_word' id='word_1_23' title='bbox 812 943 858 1014; x_wconf 88' lang='lat' dir='ltr'>Et</span> <span class='ocrx_word' id='word_1_24' title='bbox 888 945 1022 1014; x_wconf 88' lang='lat' dir='ltr'>eudem</span> <span class='ocrx_word' id='word_1_25' title='bbox 1052 967 1150 1014; x_wconf 89' lang='lat' dir='ltr'>anno</span> <span class='ocrx_word' id='word_1_26' title='bbox 1176 943 1268 1016; x_wconf 88' lang='lat' dir='ltr'>arsit</span> <span class='ocrx_word' id='word_1_27' title='bbox 1287 944 1388 1016; x_wconf 89' lang='lat' dir='ltr'>circa</span> 
     </span>
     <span class='ocr_line' id='line_1_6' title="bbox 291 1043 1385 1140; baseline 0.001 -25"><span class='ocrx_word' id='word_1_28' title='bbox 291 1043 493 1116; x_wconf 88' lang='lat' dir='ltr'>ecclesium</span> <span class='ocrx_word' id='word_1_29' title='bbox 523 1043 689 1114; x_wconf 93' lang='lat' dir='ltr'>omnium</span> <span class='ocrx_word' id='word_1_30' title='bbox 716 1053 943 1115; x_wconf 88' lang='lat' dir='ltr'>sanctorum.</span> <span class='ocrx_word' id='word_1_31' title='bbox 980 1043 1034 1115; x_wconf 88' lang='lat' dir='ltr'>De</span> <span class='ocrx_word' id='word_1_32' title='bbox 1062 1043 1124 1114; x_wconf 90' lang='lat' dir='ltr'>illo</span> <span class='ocrx_word' id='word_1_33' title='bbox 1143 1044 1232 1140; x_wconf 83' lang='lat' dir='ltr'>igne</span> <span class='ocrx_word' id='word_1_34' title='bbox 1250 1055 1385 1116; x_wconf 87' lang='lat' dir='ltr'>ventus</span> 
     </span>
     <span class='ocr_line' id='line_1_7' title="bbox 291 1142 1387 1240; baseline 0 -25"><span class='ocrx_word' id='word_1_35' title='bbox 291 1143 451 1240; x_wconf 90' lang='lat' dir='ltr'>portavit</span> <span class='ocrx_word' id='word_1_36' title='bbox 482 1167 598 1240; x_wconf 87' lang='lat' dir='ltr'>super</span> <span class='ocrx_word' id='word_1_37' title='bbox 627 1142 828 1214; x_wconf 88' lang='lat' dir='ltr'>ecclesiam</span> <span class='ocrx_word' id='word_1_38' title='bbox 852 1143 1119 1216; x_wconf 73' lang='lat' dir='ltr'>kathedralem</span> <span class='ocrx_word' id='word_1_39' title='bbox 1160 1154 1197 1216; x_wconf 91' lang='lat' dir='ltr'>et</span> <span class='ocrx_word' id='word_1_40' title='bbox 1241 1145 1387 1217; x_wconf 83' lang='lat' dir='ltr'>exussit</span> 
     </span>
     <span class='ocr_line' id='line_1_8' title="bbox 289 1243 1384 1340; baseline -0.001 -24"><span class='ocrx_word' id='word_1_41' title='bbox 289 1256 407 1316; x_wconf 87' lang='lat' dir='ltr'>totam</span> <span class='ocrx_word' id='word_1_42' title='bbox 428 1254 465 1316; x_wconf 90' lang='lat' dir='ltr'>et</span> <span class='ocrx_word' id='word_1_43' title='bbox 496 1254 679 1338; x_wconf 77' lang='lat' dir='ltr'>castrum3</span> <span class='ocrx_word' id='word_1_44' title='bbox 700 1267 812 1339; x_wconf 89' lang='lat' dir='ltr'>quam</span> <span class='ocrx_word' id='word_1_45' title='bbox 834 1243 1035 1316; x_wconf 88' lang='lat' dir='ltr'>ecclesiam</span> <span class='ocrx_word' id='word_1_46' title='bbox 1063 1254 1283 1340; x_wconf 85' lang='lat' dir='ltr'>prenotatus</span> <span class='ocrx_word' id='word_1_47' title='bbox 1310 1247 1384 1316; x_wconf 87' lang='lat' dir='ltr'>dux</span> 
     </span>
    </p>
   </div>
   <div class='ocr_carea' id='block_1_3' title="bbox 288 1343 1510 1543">
    <p class='ocr_par' dir='ltr' id='par_1_4' title="bbox 288 1343 1510 1553">
     <span class='ocr_line' id='line_1_9' title="bbox 291 1343 1510 1440; baseline -0.001 -22"><span class='ocrx_word' id='word_1_48' title='bbox 291 1345 527 1440; x_wconf 86' lang='lat' dir='ltr'>Wladyslaus</span> <span class='ocrx_word' id='word_1_49' title='bbox 554 1368 626 1416; x_wconf 90' lang='lat' dir='ltr'>una</span> <span class='ocrx_word' id='word_1_50' title='bbox 664 1367 749 1414; x_wconf 93' lang='lat' dir='ltr'>cum</span> <span class='ocrx_word' id='word_1_51' title='bbox 791 1367 905 1415; x_wconf 89' lang='lat' dir='ltr'>uxore</span> <span class='ocrx_word' id='word_1_52' title='bbox 939 1368 1009 1416; x_wconf 89' lang='lat' dir='ltr'>sua</span> <span class='ocrx_word' id='word_1_53' title='bbox 1034 1344 1275 1440; x_wconf 58' lang='lat' dir='ltr'>fledvigesset</span> <span class='ocrx_word' id='word_1_54' title='bbox 1307 1343 1383 1416; x_wconf 87' lang='lat' dir='ltr'>filiu</span> <span class='ocrx_word' id='word_1_55' title='bbox 1509 1396 1510 1417; x_wconf 43' lang='lat' dir='ltr'>r</span> 
     </span>
     <span class='ocr_line' id='line_1_10' title="bbox 288 1442 1382 1543; baseline 0 -27"><span class='ocrx_word' id='word_1_56' title='bbox 288 1445 458 1543; x_wconf 86' lang='lat' dir='ltr'>ipsorum</span> <span class='ocrx_word' id='word_1_57' title='bbox 488 1442 804 1517; x_wconf 86' lang='lat' dir='ltr'>excellentissimo</span> <span class='ocrx_word' id='word_1_58' title='bbox 844 1443 1049 1539; x_wconf 81' lang='lat' dir='ltr'>Kazimiro,</span> <span class='ocrx_word' id='word_1_59' title='bbox 1088 1445 1382 1516; x_wconf 87' lang='lat' dir='ltr'>succedentem</span> 
     </span>
    </p>
   </div>
   <div class='ocr_carea' id='block_1_4' title="bbox 290 1543 1384 1644">
    <p class='ocr_par' dir='ltr' id='par_1_5' title="bbox 290 1543 1384 1644">
     <span class='ocr_line' id='line_1_11' title="bbox 290 1543 1384 1644; baseline -0.001 -27"><span class='ocrx_word' id='word_1_60' title='bbox 290 1570 471 1644; x_wconf 68' lang='lat' dir='ltr'>regnum,</span> <span class='ocrx_word' id='word_1_61' title='bbox 502 1543 723 1617; x_wconf 86' lang='lat' dir='ltr'>reedificant</span> <span class='ocrx_word' id='word_1_62' title='bbox 748 1546 794 1615; x_wconf 89' lang='lat' dir='ltr'>ad</span> <span class='ocrx_word' id='word_1_63' title='bbox 821 1545 1003 1616; x_wconf 88' lang='lat' dir='ltr'>honorem</span> <span class='ocrx_word' id='word_1_64' title='bbox 1030 1556 1246 1617; x_wconf 86' lang='lat' dir='ltr'>sanctorum</span> <span class='ocrx_word' id='word_1_65' title='bbox 1275 1547 1384 1618; x_wconf 87' lang='lat' dir='ltr'>Wen-</span> 
     </span>
    </p>
   </div>
   <div class='ocr_carea' id='block_1_5' title="bbox 198 1644 1510 1850">
    <p class='ocr_par' dir='ltr' id='par_1_6' title="bbox 198 1644 1510 1850">
     <span class='ocr_line' id='line_1_12' title="bbox 289 1644 1510 1740; baseline -0.005 -22"><span class='ocrx_word' id='word_1_66' title='bbox 289 1647 417 1740; x_wconf 88' lang='lat' dir='ltr'>zeslay</span> <span class='ocrx_word' id='word_1_67' title='bbox 436 1656 474 1718; x_wconf 92' lang='lat' dir='ltr'>et</span> <span class='ocrx_word' id='word_1_68' title='bbox 491 1644 679 1737; x_wconf 85' lang='lat' dir='ltr'>Stanislay</span> <span class='ocrx_word' id='word_1_69' title='bbox 698 1645 904 1716; x_wconf 83' lang='lat' dir='ltr'>martirum.</span> <span class='ocrx_word' id='word_1_70' title='bbox 1509 1708 1510 1737; x_wconf 20' lang='grc' dir='ltr'>ἦ</span> 
     </span>
     <span class='ocr_line' id='line_1_13' title="bbox 198 1743 1450 1850; baseline -0.003 -30"><span class='ocrx_word' id='word_1_71' title='bbox 198 1743 278 1798; x_wconf 83' lang='grc'>1311·</span> <span class='ocrx_word' id='word_1_72' title='bbox 365 1748 472 1820; x_wconf 93' lang='grc'>1312.</span> <span class='ocrx_word' id='word_1_73' title='bbox 493 1746 596 1817; x_wconf 89' lang='lat' dir='ltr'>cives</span> <span class='ocrx_word' id='word_1_74' title='bbox 616 1744 888 1817; x_wconf 84' lang='lat' dir='ltr'>Cracovienses</span> <span class='ocrx_word' id='word_1_75' title='bbox 907 1755 1102 1842; x_wconf 88' lang='lat' dir='ltr'>opponunt</span> <span class='ocrx_word' id='word_1_76' title='bbox 1120 1770 1162 1818; x_wconf 92' lang='lat' dir='ltr'>se</span> <span class='ocrx_word' id='word_1_77' title='bbox 1181 1744 1265 1816; x_wconf 92' lang='lat' dir='ltr'>duci</span> <span class='ocrx_word' id='word_1_78' title='bbox 1284 1745 1382 1817; x_wconf 91' lang='lat' dir='ltr'>Wla·</span> <span class='ocrx_word' id='word_1_79' title='bbox 1444 1846 1450 1850; x_wconf 23' lang='grc'>1</span> 
     </span>
    </p>
   </div>
   <div class='ocr_carea' id='block_1_6' title="bbox 287 1844 772 1942">
    <p class='ocr_par' dir='ltr' id='par_1_7' title="bbox 287 1844 772 1942">
     <span class='ocr_line' id='line_1_14' title="bbox 287 1844 772 1942; baseline -0.008 -22"><span class='ocrx_word' id='word_1_80' title='bbox 287 1848 416 1942; x_wconf 87' lang='lat' dir='ltr'>dyslao</span> <span class='ocrx_word' id='word_1_81' title='bbox 437 1847 533 1919; x_wconf 92' lang='lat' dir='ltr'>dicto</span> <span class='ocrx_word' id='word_1_82' title='bbox 552 1844 772 1918; x_wconf 88' lang='lat' dir='ltr'>Loketkoni.</span> 
     </span>
    </p>
   </div>
   <div class='ocr_carea' id='block_1_7' title="bbox 177 1944 1510 2143">
    <p class='ocr_par' dir='ltr' id='par_1_8' title="bbox 177 1944 1510 2143">
     <span class='ocr_line' id='line_1_15' title="bbox 177 1944 1510 2041; baseline -0.005 -18"><span class='ocrx_word' id='word_1_83' title='bbox 177 1959 277 2007; x_wconf 69' lang='lat' dir='ltr'>lar-2⁰·</span> <span class='ocrx_word' id='word_1_84' title='bbox 365 1950 471 2022; x_wconf 80' lang='lat'><strong>1320.</strong></span> <span class='ocrx_word' id='word_1_85' title='bbox 507 1971 573 2018; x_wconf 89' lang='lat' dir='ltr'>rex</span> <span class='ocrx_word' id='word_1_86' title='bbox 593 1945 830 2038; x_wconf 89' lang='lat' dir='ltr'>Wladyslaus</span> <span class='ocrx_word' id='word_1_87' title='bbox 851 1945 1138 2041; x_wconf 84' lang='lat' dir='ltr'>cognominatus</span> <span class='ocrx_word' id='word_1_88' title='bbox 1156 1944 1300 2017; x_wconf 88' lang='lat' dir='ltr'>Luctek</span> <span class='ocrx_word' id='word_1_89' title='bbox 1319 1969 1381 2016; x_wconf 86' lang='lat' dir='ltr'>co·</span> <span class='ocrx_word' id='word_1_90' title='bbox 1509 2000 1510 2003; x_wconf 63' lang='lat'>,</span> 
     </span>
     <span class='ocr_line' id='line_1_16' title="bbox 287 2044 1510 2143; baseline -0.002 -25"><span class='ocrx_word' id='word_1_91' title='bbox 287 2058 442 2119; x_wconf 89' lang='lat' dir='ltr'>ronatur</span> <span class='ocrx_word' id='word_1_92' title='bbox 475 2046 511 2118; x_wconf 93' lang='lat' dir='ltr'>in</span> <span class='ocrx_word' id='word_1_93' title='bbox 544 2044 725 2119; x_wconf 89' lang='lat' dir='ltr'>Cracuvia</span> <span class='ocrx_word' id='word_1_94' title='bbox 756 2045 978 2117; x_wconf 89' lang='lat' dir='ltr'>auctoritate</span> <span class='ocrx_word' id='word_1_95' title='bbox 1006 2044 1143 2117; x_wconf 89' lang='lat' dir='ltr'>domini</span> <span class='ocrx_word' id='word_1_96' title='bbox 1185 2069 1282 2142; x_wconf 85' lang='lat' dir='ltr'>pape</span> <span class='ocrx_word' id='word_1_97' title='bbox 1313 2069 1381 2142; x_wconf 89' lang='lat' dir='ltr'>per</span> <span class='ocrx_word' id='word_1_98' title='bbox 1509 2124 1510 2143; x_wconf 14' lang='grc' dir='ltr'><strong>ξ</strong></span> 
     </span>
    </p>
   </div>
   <div class='ocr_carea' id='block_1_8' title="bbox 284 2145 1380 2643">
    <p class='ocr_par' dir='ltr' id='par_1_9' title="bbox 284 2145 1380 2443">
     <span class='ocr_line' id='line_1_17' title="bbox 287 2145 1380 2242; baseline -0.002 -23"><span class='ocrx_word' id='word_1_99' title='bbox 287 2146 541 2220; x_wconf 89' lang='lat' dir='ltr'>venerabilem</span> <span class='ocrx_word' id='word_1_100' title='bbox 569 2145 605 2217; x_wconf 92' lang='lat' dir='ltr'>in</span> <span class='ocrx_word' id='word_1_101' title='bbox 626 2145 775 2220; x_wconf 87' lang='lat' dir='ltr'>Christo</span> <span class='ocrx_word' id='word_1_102' title='bbox 803 2156 950 2242; x_wconf 90' lang='lat' dir='ltr'>patrem</span> <span class='ocrx_word' id='word_1_103' title='bbox 982 2145 1205 2218; x_wconf 80' lang='lat' dir='ltr'>lanisslarrm</span> <span class='ocrx_word' id='word_1_104' title='bbox 1236 2145 1380 2217; x_wconf 90' lang='lat' dir='ltr'>archie-</span> 
     </span>
     <span class='ocr_line' id='line_1_18' title="bbox 285 2243 1376 2346; baseline -0.001 -27"><span class='ocrx_word' id='word_1_105' title='bbox 285 2249 481 2346; x_wconf 87' lang='lat' dir='ltr'>piscopum</span> <span class='ocrx_word' id='word_1_106' title='bbox 514 2248 790 2319; x_wconf 86' lang='lat' dir='ltr'>Gneznensem.</span> <span class='ocrx_word' id='word_1_107' title='bbox 872 2248 1012 2318; x_wconf 85' lang='lat' dir='ltr'>Eodem</span> <span class='ocrx_word' id='word_1_108' title='bbox 1039 2270 1137 2317; x_wconf 89' lang='lat' dir='ltr'>anno</span> <span class='ocrx_word' id='word_1_109' title='bbox 1162 2243 1238 2316; x_wconf 84' lang='lat' dir='ltr'>lilia</span> <span class='ocrx_word' id='word_1_110' title='bbox 1257 2245 1376 2342; x_wconf 90' lang='lat' dir='ltr'>ipsius</span> 
     </span>
     <span class='ocr_line' id='line_1_19' title="bbox 284 2345 1137 2443; baseline -0.006 -21"><span class='ocrx_word' id='word_1_111' title='bbox 284 2348 476 2422; x_wconf 76' lang='lat' dir='ltr'>Elisabeth</span> <span class='ocrx_word' id='word_1_112' title='bbox 495 2347 574 2443; x_wconf 79' lang='lat' dir='ltr'>regi</span> <span class='ocrx_word' id='word_1_113' title='bbox 594 2347 757 2442; x_wconf 83' lang='lat' dir='ltr'>Ungarie</span> <span class='ocrx_word' id='word_1_114' title='bbox 778 2346 973 2442; x_wconf 87' lang='lat' dir='ltr'>copulatur</span> <span class='ocrx_word' id='word_1_115' title='bbox 990 2345 1137 2417; x_wconf 89' lang='lat' dir='ltr'>Karolo.</span> 
     </span>
    </p>

    <p class='ocr_par' dir='ltr' id='par_1_10' title="bbox 284 2445 1379 2643">
     <span class='ocr_line' id='line_1_20' title="bbox 363 2445 1379 2544; baseline -0.006 -20"><span class='ocrx_word' id='word_1_116' title='bbox 363 2451 467 2524; x_wconf 89' lang='grc'>1325.</span> <span class='ocrx_word' id='word_1_117' title='bbox 492 2446 700 2520; x_wconf 87' lang='lat' dir='ltr'>Kazimirus</span> <span class='ocrx_word' id='word_1_118' title='bbox 720 2445 819 2518; x_wconf 90' lang='lat' dir='ltr'>lilius</span> <span class='ocrx_word' id='word_1_119' title='bbox 839 2447 940 2544; x_wconf 81' lang='lat' dir='ltr'>regis</span> <span class='ocrx_word' id='word_1_120' title='bbox 976 2446 1128 2520; x_wconf 90' lang='lat' dir='ltr'>Polonie</span> <span class='ocrx_word' id='word_1_121' title='bbox 1160 2445 1379 2541; x_wconf 86' lang='lat' dir='ltr'>Wladyslay</span> 
     </span>
     <span class='ocr_line' id='line_1_21' title="bbox 284 2547 1377 2643; baseline -0.003 -21"><span class='ocrx_word' id='word_1_122' title='bbox 284 2550 369 2622; x_wconf 88' lang='lat' dir='ltr'>dicti</span> <span class='ocrx_word' id='word_1_123' title='bbox 383 2549 526 2626; x_wconf 85' lang='lat' dir='ltr'>Luctek</span> <span class='ocrx_word' id='word_1_124' title='bbox 542 2547 807 2621; x_wconf 89' lang='lat' dir='ltr'>duxituxurem</span> <span class='ocrx_word' id='word_1_125' title='bbox 826 2550 972 2619; x_wconf 84' lang='lat' dir='ltr'>Annam</span> <span class='ocrx_word' id='word_1_126' title='bbox 987 2549 1140 2620; x_wconf 89' lang='lat' dir='ltr'>nomine</span> <span class='ocrx_word' id='word_1_127' title='bbox 1151 2548 1377 2643; x_wconf 83' lang='lat' dir='ltr'>baptizatam</span> 
     </span>
    </p>
   </div>
   <div class='ocr_carea' id='block_1_9' title="bbox 283 2646 1377 2743">
    <p class='ocr_par' dir='ltr' id='par_1_11' title="bbox 283 2641 1509 2743">
     <span class='ocr_line' id='line_1_22' title="bbox 283 2646 1377 2743; baseline -0.003 -22"><span class='ocrx_word' id='word_1_128' title='bbox 283 2650 320 2722; x_wconf 91' lang='lat' dir='ltr'>in</span> <span class='ocrx_word' id='word_1_129' title='bbox 339 2650 474 2725; x_wconf 81' lang='lat' dir='ltr'>Christi</span> <span class='ocrx_word' id='word_1_130' title='bbox 491 2649 655 2743; x_wconf 68' lang='lat' dir='ltr'>nomine7</span> <span class='ocrx_word' id='word_1_131' title='bbox 669 2646 784 2719; x_wconf 88' lang='lat' dir='ltr'>filiam</span> <span class='ocrx_word' id='word_1_132' title='bbox 804 2647 987 2719; x_wconf 86' lang='lat' dir='ltr'>Gedirnini</span> <span class='ocrx_word' id='word_1_133' title='bbox 1002 2648 1108 2721; x_wconf 88' lang='lat' dir='ltr'>ducis</span> <span class='ocrx_word' id='word_1_134' title='bbox 1126 2648 1377 2719; x_wconf 89' lang='lat' dir='ltr'>Litwanorum</span> 
     </span>
    </p>
   </div>
   <div class='ocr_carea' id='block_1_10' title="bbox 172 2747 1376 2924">
    <p class='ocr_par' dir='ltr' id='par_1_12' title="bbox 172 2747 1376 2924">
     <span class='ocr_line' id='line_1_23' title="bbox 172 2747 1376 2847; baseline -0.003 -25"><span class='ocrx_word' id='word_1_135' title='bbox 172 2763 264 2821; x_wconf 68' lang='lat' dir='ltr'>Arn³⁰</span> <span class='ocrx_word' id='word_1_136' title='bbox 283 2750 319 2822; x_wconf 92' lang='lat' dir='ltr'>in</span> <span class='ocrx_word' id='word_1_137' title='bbox 335 2750 460 2847; x_wconf 84' lang='lat' dir='ltr'>vigilia</span> <span class='ocrx_word' id='word_1_138' title='bbox 483 2750 738 2847; x_wconf 87' lang='lat' dir='ltr'>apostolorum</span> <span class='ocrx_word' id='word_1_139' title='bbox 764 2747 921 2845; x_wconf 87' lang='lat' dir='ltr'>Philippi</span> <span class='ocrx_word' id='word_1_140' title='bbox 944 2760 981 2820; x_wconf 90' lang='lat' dir='ltr'>et</span> <span class='ocrx_word' id='word_1_141' title='bbox 1004 2748 1140 2845; x_wconf 65' lang='lat' dir='ltr'>lacchi,</span> <span class='ocrx_word' id='word_1_142' title='bbox 1162 2748 1376 2845; x_wconf 89' lang='lat' dir='ltr'>quindecim</span> 
     </span>
     <span class='ocr_line' id='line_1_24' title="bbox 283 2848 912 2924; baseline -0.003 -1"><span class='ocrx_word' id='word_1_143' title='bbox 283 2876 402 2924; x_wconf 86' lang='lat' dir='ltr'>annus</span> <span class='ocrx_word' id='word_1_144' title='bbox 426 2850 554 2923; x_wconf 87' lang='lat' dir='ltr'>hahuit</span> <span class='ocrx_word' id='word_1_145' title='bbox 578 2875 598 2922; x_wconf 91' lang='lat' dir='ltr'>a</span> <span class='ocrx_word' id='word_1_146' title='bbox 619 2848 812 2922; x_wconf 82' lang='lat' dir='ltr'>nativitate</span> <span class='ocrx_word' id='word_1_147' title='bbox 832 2873 912 2921; x_wconf 90' lang='lat' dir='ltr'>sua.</span> 
     </span>
    </p>
   </div>
   <div class='ocr_carea' id='block_1_11' title="bbox 263 3078 1371 3199">
    <p class='ocr_par' dir='ltr' id='par_1_13' title="bbox 263 3078 1371 3199">
     <span class='ocr_line' id='line_1_25' title="bbox 263 3078 1371 3199; baseline -0.006 0"><span class='ocrx_word' id='word_1_148' title='bbox 263 3078 602 3199; x_wconf 59' lang='lat' dir='ltr'>&#39;coul&#39;luunrlo</span> <span class='ocrx_word' id='word_1_149' title='bbox 623 3121 866 3194; x_wconf 83' lang='lat' dir='ltr'>ANNALlUlll</span> <span class='ocrx_word' id='word_1_150' title='bbox 882 3119 1176 3195; x_wconf 82' lang='lat' dir='ltr'><strong>POLONORUM</strong></span> <span class='ocrx_word' id='word_1_151' title='bbox 1198 3120 1222 3193; x_wconf 91' lang='lat'>1.</span> <span class='ocrx_word' id='word_1_152' title='bbox 1239 3121 1298 3193; x_wconf 83' lang='grc' dir='ltr'>ΕΤ</span> <span class='ocrx_word' id='word_1_153' title='bbox 1313 3120 1371 3193; x_wconf 93' lang='grc'>111.</span> 
     </span>
    </p>
   </div>
   <div class='ocr_carea' id='block_1_12' title="bbox 168 3256 1376 4361">
    <p class='ocr_par' dir='ltr' id='par_1_14' title="bbox 168 3256 1376 4361">
     <span class='ocr_line' id='line_1_26' title="bbox 168 3256 1372 3355; baseline 0.002 -29"><span class='ocrx_word' id='word_1_154' title='bbox 168 3279 269 3338; x_wconf 58' lang='lat' dir='ltr'>apen.</span> <span class='ocrx_word' id='word_1_155' title='bbox 358 3262 463 3335; x_wconf 80' lang='lat'><strong>1330.</strong></span> <span class='ocrx_word' id='word_1_156' title='bbox 483 3258 632 3355; x_wconf 90' lang='lat' dir='ltr'>qnidam</span> <span class='ocrx_word' id='word_1_157' title='bbox 659 3258 768 3329; x_wconf 89' lang='lat' dir='ltr'>miles</span> <span class='ocrx_word' id='word_1_158' title='bbox 796 3256 950 3328; x_wconf 89' lang='lat' dir='ltr'>nomine</span> <span class='ocrx_word' id='word_1_159' title='bbox 974 3256 1183 3330; x_wconf 85' lang='lat' dir='ltr'>Felicianus</span> <span class='ocrx_word' id='word_1_160' title='bbox 1212 3256 1372 3329; x_wconf 83' lang='lat' dir='ltr'>nacione</span> 
     </span>
     <span class='ocr_line' id='line_1_27' title="bbox 280 3357 1376 3457; baseline -0.003 -25"><span class='ocrx_word' id='word_1_161' title='bbox 280 3362 452 3457; x_wconf 82' lang='lat' dir='ltr'>Ungarus</span> <span class='ocrx_word' id='word_1_162' title='bbox 477 3359 569 3431; x_wconf 85' lang='lat' dir='ltr'>feria</span> <span class='ocrx_word' id='word_1_163' title='bbox 594 3358 710 3431; x_wconf 83' lang='lat' dir='ltr'>tercia</span> <span class='ocrx_word' id='word_1_164' title='bbox 736 3368 823 3455; x_wconf 87' lang='lat' dir='ltr'>post</span> <span class='ocrx_word' id='word_1_165' title='bbox 848 3359 1071 3430; x_wconf 87' lang='lat' dir='ltr'>conductum</span> <span class='ocrx_word' id='word_1_166' title='bbox 1100 3359 1242 3455; x_wconf 85' lang='lat' dir='ltr'>pasche</span> <span class='ocrx_word' id='word_1_167' title='bbox 1267 3357 1376 3429; x_wconf 90' lang='lat' dir='ltr'>irruit</span> 
     </span>
     <span class='ocr_line' id='line_1_28' title="bbox 277 3457 1372 3557; baseline -0.005 -26"><span class='ocrx_word' id='word_1_168' title='bbox 277 3460 315 3532; x_wconf 94' lang='lat' dir='ltr'>in</span> <span class='ocrx_word' id='word_1_169' title='bbox 334 3484 464 3557; x_wconf 80' lang='lat' dir='ltr'>regem</span> <span class='ocrx_word' id='word_1_170' title='bbox 480 3459 672 3553; x_wconf 68' lang='lat' dir='ltr'>Karolurm</span> <span class='ocrx_word' id='word_1_171' title='bbox 692 3458 824 3530; x_wconf 90' lang='lat' dir='ltr'>volens</span> <span class='ocrx_word' id='word_1_172' title='bbox 842 3457 965 3555; x_wconf 89' lang='lat' dir='ltr'>ipsum</span> <span class='ocrx_word' id='word_1_173' title='bbox 982 3482 1066 3529; x_wconf 84' lang='lat' dir='ltr'>curn</span> <span class='ocrx_word' id='word_1_174' title='bbox 1087 3482 1202 3529; x_wconf 90' lang='lat' dir='ltr'>uxore</span> <span class='ocrx_word' id='word_1_175' title='bbox 1218 3482 1285 3530; x_wconf 91' lang='lat' dir='ltr'>sua</span> <span class='ocrx_word' id='word_1_176' title='bbox 1306 3482 1372 3527; x_wconf 89' lang='lat' dir='ltr'>uo·</span> 
     </span>
     <span class='ocr_line' id='line_1_29' title="bbox 277 3556 1372 3657; baseline -0.004 -24"><span class='ocrx_word' id='word_1_177' title='bbox 277 3561 378 3633; x_wconf 89' lang='lat' dir='ltr'>mine</span> <span class='ocrx_word' id='word_1_178' title='bbox 396 3561 602 3657; x_wconf 75' lang='lat' dir='ltr'>Elizabeth‚</span> <span class='ocrx_word' id='word_1_179' title='bbox 622 3584 694 3657; x_wconf 88' lang='lat' dir='ltr'>que</span> <span class='ocrx_word' id='word_1_180' title='bbox 713 3556 872 3630; x_wconf 79' lang='lat' dir='ltr'>fuitfilia</span> <span class='ocrx_word' id='word_1_181' title='bbox 891 3557 1107 3653; x_wconf 87' lang='lat' dir='ltr'>Wladyslay</span> <span class='ocrx_word' id='word_1_182' title='bbox 1125 3560 1210 3630; x_wconf 88' lang='lat' dir='ltr'>dicti</span> <span class='ocrx_word' id='word_1_183' title='bbox 1229 3558 1372 3630; x_wconf 87' lang='lat' dir='ltr'>Loctek</span> 
     </span>
     <span class='ocr_line' id='line_1_30' title="bbox 277 3658 1371 3755; baseline -0.005 -21"><span class='ocrx_word' id='word_1_184' title='bbox 277 3672 417 3735; x_wconf 88' lang='lat' dir='ltr'>etcum</span> <span class='ocrx_word' id='word_1_185' title='bbox 437 3660 522 3734; x_wconf 89' lang='lat' dir='ltr'>tiliis</span> <span class='ocrx_word' id='word_1_186' title='bbox 541 3661 741 3754; x_wconf 68' lang='lat' dir='ltr'>trucidare,</span> <span class='ocrx_word' id='word_1_187' title='bbox 768 3668 806 3731; x_wconf 90' lang='lat' dir='ltr'>et</span> <span class='ocrx_word' id='word_1_188' title='bbox 830 3669 1030 3755; x_wconf 86' lang='lat' dir='ltr'>amputans</span> <span class='ocrx_word' id='word_1_189' title='bbox 1060 3684 1212 3731; x_wconf 89' lang='lat' dir='ltr'>manum</span> <span class='ocrx_word' id='word_1_190' title='bbox 1239 3658 1371 3755; x_wconf 81' lang='lat' dir='ltr'>regine</span> 
     </span>
     <span class='ocr_line' id='line_1_31' title="bbox 276 3759 1369 3859; baseline -0.005 -23"><span class='ocrx_word' id='word_1_191' title='bbox 276 3766 459 3859; x_wconf 77' lang='lat' dir='ltr'>dextram,</span> <span class='ocrx_word' id='word_1_192' title='bbox 496 3773 533 3833; x_wconf 91' lang='lat' dir='ltr'>et</span> <span class='ocrx_word' id='word_1_193' title='bbox 567 3761 692 3859; x_wconf 86' lang='lat' dir='ltr'>ipsum</span> <span class='ocrx_word' id='word_1_194' title='bbox 719 3783 850 3856; x_wconf 79' lang='lat' dir='ltr'>regem</span> <span class='ocrx_word' id='word_1_195' title='bbox 886 3760 1052 3856; x_wconf 82' lang='lat' dir='ltr'>graviter</span> <span class='ocrx_word' id='word_1_196' title='bbox 1085 3759 1288 3831; x_wconf 89' lang='lat' dir='ltr'>vulnerans</span> <span class='ocrx_word' id='word_1_197' title='bbox 1322 3761 1369 3830; x_wconf 87' lang='lat' dir='ltr'>ad</span> 
     </span>
     <span class='ocr_line' id='line_1_32' title="bbox 276 3860 1369 3959; baseline -0.005 -24"><span class='ocrx_word' id='word_1_198' title='bbox 276 3888 443 3959; x_wconf 72' lang='lat' dir='ltr'>manum,</span> <span class='ocrx_word' id='word_1_199' title='bbox 481 3863 584 3935; x_wconf 86' lang='lat' dir='ltr'>sulus</span> <span class='ocrx_word' id='word_1_200' title='bbox 625 3861 887 3934; x_wconf 83' lang='lat' dir='ltr'>miserabiliter</span> <span class='ocrx_word' id='word_1_201' title='bbox 923 3860 1061 3933; x_wconf 90' lang='lat' dir='ltr'>ibidem</span> <span class='ocrx_word' id='word_1_202' title='bbox 1103 3861 1276 3933; x_wconf 89' lang='lat' dir='ltr'>concisus</span> <span class='ocrx_word' id='word_1_203' title='bbox 1308 3884 1369 3930; x_wconf 90' lang='grc'>99-</span> 
     </span>
     <span class='ocr_line' id='line_1_33' title="bbox 275 3958 1366 4059; baseline -0.007 -22"><span class='ocrx_word' id='word_1_204' title='bbox 275 3963 409 4037; x_wconf 83' lang='grc'>991911.</span> <span class='ocrx_word' id='word_1_205' title='bbox 463 3965 532 4036; x_wconf 90' lang='lat' dir='ltr'>Pru</span> <span class='ocrx_word' id='word_1_206' title='bbox 560 3987 632 4059; x_wconf 90' lang='lat' dir='ltr'>quo</span> <span class='ocrx_word' id='word_1_207' title='bbox 654 3960 801 4034; x_wconf 88' lang='lat' dir='ltr'>scelere</span> <span class='ocrx_word' id='word_1_208' title='bbox 828 3984 919 4032; x_wconf 89' lang='lat' dir='ltr'>suus</span> <span class='ocrx_word' id='word_1_209' title='bbox 944 3958 1043 4034; x_wconf 84' lang='lat' dir='ltr'>lilius</span> <span class='ocrx_word' id='word_1_210' title='bbox 1064 3972 1101 4033; x_wconf 92' lang='lat' dir='ltr'>et</span> <span class='ocrx_word' id='word_1_211' title='bbox 1117 3960 1208 4056; x_wconf 76' lang='lat' dir='ltr'>lilia,</span> <span class='ocrx_word' id='word_1_212' title='bbox 1236 3971 1273 4031; x_wconf 86' lang='lat' dir='ltr'>et</span> <span class='ocrx_word' id='word_1_213' title='bbox 1290 3969 1366 4031; x_wconf 86' lang='lat' dir='ltr'>tota</span> 
     </span>
     <span class='ocr_line' id='line_1_34' title="bbox 275 4060 1370 4161; baseline -0.005 -26"><span class='ocrx_word' id='word_1_214' title='bbox 275 4088 372 4161; x_wconf 89' lang='lat' dir='ltr'>pene</span> <span class='ocrx_word' id='word_1_215' title='bbox 392 4088 460 4135; x_wconf 89' lang='lat' dir='ltr'>sua</span> <span class='ocrx_word' id='word_1_216' title='bbox 487 4063 710 4159; x_wconf 79' lang='lat' dir='ltr'>genealogia</span> <span class='ocrx_word' id='word_1_217' title='bbox 736 4061 804 4132; x_wconf 86' lang='lat' dir='ltr'>fuit</span> <span class='ocrx_word' id='word_1_218' title='bbox 831 4062 1003 4134; x_wconf 84' lang='lat' dir='ltr'>extincta.</span> <span class='ocrx_word' id='word_1_219' title='bbox 1063 4063 1147 4159; x_wconf 86' lang='lat' dir='ltr'>lpso</span> <span class='ocrx_word' id='word_1_220' title='bbox 1175 4086 1274 4133; x_wconf 87' lang='lat' dir='ltr'>anno</span> <span class='ocrx_word' id='word_1_221' title='bbox 1299 4060 1370 4130; x_wconf 86' lang='lat' dir='ltr'>fuit</span> 
     </span>
     <span class='ocr_line' id='line_1_35' title="bbox 271 4162 1367 4258; baseline -0.005 -21"><span class='ocrx_word' id='word_1_222' title='bbox 271 4174 375 4238; x_wconf 84' lang='lat' dir='ltr'>tanta</span> <span class='ocrx_word' id='word_1_223' title='bbox 391 4163 562 4236; x_wconf 83' lang='lat' dir='ltr'>fertilitas</span> <span class='ocrx_word' id='word_1_224' title='bbox 578 4164 614 4234; x_wconf 92' lang='lat' dir='ltr'>in</span> <span class='ocrx_word' id='word_1_225' title='bbox 634 4174 711 4235; x_wconf 90' lang='lat' dir='ltr'>tuta</span> <span class='ocrx_word' id='word_1_226' title='bbox 727 4162 892 4254; x_wconf 77' lang='lat' dir='ltr'>polonia,</span> <span class='ocrx_word' id='word_1_227' title='bbox 911 4165 1009 4258; x_wconf 89' lang='lat' dir='ltr'>quod</span> <span class='ocrx_word' id='word_1_228' title='bbox 1020 4162 1056 4234; x_wconf 94' lang='lat' dir='ltr'>in</span> <span class='ocrx_word' id='word_1_229' title='bbox 1073 4162 1253 4237; x_wconf 87' lang='lat' dir='ltr'>Cracovia</span> <span class='ocrx_word' id='word_1_230' title='bbox 1265 4184 1367 4233; x_wconf 88' lang='lat' dir='ltr'>men-</span> 
     </span>
     <span class='ocr_line' id='line_1_36' title="bbox 272 4263 1368 4361; baseline -0.008 -22"><span class='ocrx_word' id='word_1_231' title='bbox 272 4289 361 4339; x_wconf 89' lang='lat' dir='ltr'>sura</span> <span class='ocrx_word' id='word_1_232' title='bbox 383 4263 740 4361; x_wconf 84' lang='lat' dir='ltr'>siliginisintcrdurn</span> <span class='ocrx_word' id='word_1_233' title='bbox 764 4287 838 4334; x_wconf 92' lang='lat' dir='ltr'>non</span> <span class='ocrx_word' id='word_1_234' title='bbox 862 4264 1032 4336; x_wconf 87' lang='lat' dir='ltr'>solvebat</span> <span class='ocrx_word' id='word_1_235' title='bbox 1045 4287 1235 4360; x_wconf 83' lang='lat' dir='ltr'>grossum.</span> <span class='ocrx_word' id='word_1_236' title='bbox 1260 4263 1368 4334; x_wconf 87' lang='lat' dir='ltr'>Anno</span> 
     </span>
    </p>
   </div>
   <div class='ocr_carea' id='block_1_13' title="bbox 0 0 1530 4900">
    <p class='ocr_par' dir='ltr' id='par_1_15' title="bbox 0 0 1530 4900">
     <span class='ocr_line' id='line_1_37' title="bbox 0 0 1530 4900; baseline 0 6"><span class='ocrx_word' id='word_1_237' title='bbox 0 0 1530 4900; x_wconf 95' lang='lat' dir='ltr'> </span> 
     </span>
    </p>
   </div>
  </div>
 </body>
</html>
