3050 4900
289 442 341 514 80
391 435 577 512 CONTlN.
602 434 768 510 ANNAL.
794 435 1088 511 POLONORUM
1113 433 1205 510 lET
1224 434 1281 510 lll.

291 637 511 712 consiliandi
537 646 575 710 et
600 638 646 709 de
673 637 831 732 negocio
851 635 1084 732 colloquendi
1110 659 1195 708 cum
1214 635 1307 732 ipsis
1326 659 1390 708 ac·

292 739 450 837 cipiens,
466 738 503 809 in
518 736 709 808 Poloniam
725 736 907 808 maiorem
923 735 1119 832 remeavit,
1134 737 1195 810 ubi
1209 735 1388 832 fugitivos

291 843 407 912 duces
424 837 575 910 Polonie
591 860 708 932 regno
732 837 994 909 incumbentes
1018 837 1259 933 aggrediens,
1284 835 1390 933 quin·

292 939 471 1038 quaginta
498 949 535 1010 et
561 961 605 1010 eo
634 935 795 1034 amplius
814 937 983 1035 ipsorum
1002 937 1183 1009 fortalicia
1212 960 1387 1010 cremans

293 1052 331 1113 et
347 1042 547 1111 destruens
567 1040 733 1112 Cosczan
770 1047 937 1110 castrum
965 1040 1062 1133 quod
1090 1038 1172 1133 plus
1198 1037 1303 1133 genti
1321 1038 1390 1109 Po·

291 1139 413 1212 lonice
432 1137 651 1211 imminebat
670 1161 753 1209 cum
775 1138 940 1210 exercitu
965 1136 1126 1211 vallavit.
1177 1139 1235 1210 Hii
1259 1147 1389 1210 autem

291 1240 354 1336 qui
370 1250 477 1311 erant
490 1238 526 1310 in
543 1248 666 1310 castro
682 1237 849 1310 conclusi
864 1241 909 1310 de
923 1238 994 1310 loci
1010 1236 1185 1311 firmitate
1200 1249 1238 1309 et
1252 1238 1388 1309 virtute

293 1340 505 1413 animorum
525 1337 657 1412 conlisi
672 1363 744 1410 non
761 1339 883 1410 solum
899 1353 1031 1434 pacem
1050 1362 1124 1409 non
1144 1337 1315 1435 recipere
1330 1347 1392 1410 set
1512 1370 1513 1373 ¹

294 1439 477 1512 rebellare
493 1438 637 1511 fortiter
651 1442 936 1519 contendebant.
989 1439 1094 1525 Quod
1137 1439 1269 1538 videus
1288 1436 1387 1510 fitius

293 1541 397 1636 regis
435 1539 778 1612 excellentissimus
811 1537 1019 1612 Kazimirus
1046 1562 1132 1610 cum
1159 1538 1321 1635 Ungaris
1349 1548 1389 1611 et

295 1641 387 1735 suis,
415 1639 512 1711 facto
532 1639 672 1735 impetu
692 1650 858 1712 castrum
887 1649 946 1712 est
972 1663 1194 1735 aggressuS,
1227 1642 1324 1736 qood
1351 1648 1390 1712 et

295 1738 495 1836 acquirens
515 1749 688 1835 potenter
706 1763 823 1835 prope
846 1743 918 1812 100
932 1740 1127 1812 hominum
1147 1739 1284 1813 ibidem
1303 1762 1387 1836 per·
1512 1830 1513 1837 ἵ

296 1840 407 1933 emit,
443 1839 542 1911 inter
575 1864 670 1936 quos
706 1849 814 1911 erant
843 1838 1113 1936 quinquaginta
1141 1840 1299 1936 galeati,
1325 1838 1388 1912 alii

293 1939 446 2034 Zlesite‚
473 1939 533 2011 alii
560 1939 733 2037 Bohemi,
759 1939 822 2010 alii
844 1938 1031 2033 Almanni‚
1059 1941 1218 2013 multum
1244 1938 1388 2012 nobiles

295 2041 376 2135 viri,
395 2062 554 2136 quorum
573 2041 716 2112 nullum
735 2042 807 2111 dux
825 2039 1033 2112 Kazimirus
1052 2041 1180 2112 vivere
1199 2039 1388 2137 permisit5

294 2140 396 2215 etsie
409 2150 543 2237 pacato
555 2164 672 2236 regno
686 2141 723 2212 in
735 2139 954 2214 Cracoviam
965 2140 1074 2213 rediit
1089 2164 1173 2212 cum
1186 2140 1387 2237 triumpho.

368 2241 437 2312 Hic
452 2243 603 2313 tandem
615 2241 853 2334 Wladyslaus
869 2263 935 2313 rex
949 2240 1068 2312 dictus
1078 2239 1220 2312 Loctek
1235 2239 1387 2312 Polonie
1512 2318 1513 2321 ,

294 2341 454 2415 eximios
474 2351 560 2438 post
577 2341 715 2414 multos
736 2363 894 2438 agones⁷
920 2339 981 2412 ubi
1001 2351 1129 2412 contra
1147 2341 1277 2414 hostes
1297 2364 1389 2437 gen·

294 2442 342 2516 tis
362 2440 516 2515 viriliter
540 2441 757 2537 decertavit,
789 2452 876 2540 post
901 2440 1017 2514 multa
1044 2441 1250 2515 certamina
1274 2442 1388 2515 victo·
1511 2531 1512 2538 ἵ

295 2544 370 2615 rias
404 2543 615 2640 triumphos
640 2545 687 2616 de
717 2542 943 2615 adversariis
967 2566 1032 2638 pro
1056 2542 1191 2640 placito
1213 2553 1386 2639 sumptos

295 2668 363 2741 pro
379 2653 466 2714 voto
483 2644 605 2714 adhuc
619 2642 758 2715 viribus
774 2643 941 2740 pollens,
968 2666 1067 2716 auno
1091 2644 1199 2715 etatis
1230 2667 1297 2716 sue
1327 2666 1386 2715 se·

294 2742 534 2841 ptuagcsimo
552 2742 684 2838 tercio,
712 2745 746 2817 6.
764 2744 892 2815 Nonas
910 2743 1038 2817 lllarcii
1050 2728 1386 2816 dominice‘autem
1511 2805 1512 2836 q

295 2842 570 2918 incarnacionis
592 2848 702 2937 1333,
721 2843 757 2915 in
778 2868 957 2940 magnam
976 2844 1088 2916 totius
1108 2845 1259 2918 Polonie
1279 2848 1387 2916 deso·
1511 2913 1512 2928 ,

294 2945 481 3017 lacionem
501 2955 537 3017 et
555 2943 749 3018 tristiciam
768 2944 893 3041 gentis
913 2948 1097 3018 decubuit.
1148 2947 1194 3017 Et
1211 2968 1297 3016 cum
1311 2943 1387 3017 iarn
1511 2949 1512 2958 ’

296 3070 338 3120 se
353 3044 574 3119 moriturum
589 3044 859 3142 presensisset‚
878 3045 980 3117 fratri
1005 3046 1123 3140 Helye
1151 3044 1292 3117 ordinis
1316 3044 1389 3117 fra·

293 3157 395 3220 trum
414 3145 804 3241 Predicat01·um,'viro
825 3146 1117 3218 conversacione
1137 3144 1330 3218 laudabilis
1351 3154 1389 3217 el

295 3246 454 3318 inomni
478 3246 678 3318 honestate
707 3250 926 3344 approbato,
956 3246 1017 3343 qui
1046 3270 1161 3344 super
1187 3246 1310 3342 ipsum
1340 3246 1387 3318 de

295 3346 471 3419 omnibus
491 3346 569 3418 suis
585 3345 728 3419 delictis
744 3346 884 3419 domini
900 3370 998 3445 pape
1017 3345 1257 3445 dispensandi
1274 3355 1311 3417 et
1325 3350 1388 3418 ab·

295 3446 461 3520 solvendi
481 3445 631 3544 plenam
661 3457 699 3519 et
723 3446 978 3519 omnimodam
1005 3449 1167 3521 habebat
1192 3446 1389 3519 auctorita·

294 3556 387 3643 lem,
409 3546 600 3619 humiliter
618 3547 738 3621 extitit
755 3572 895 3644 magna
915 3549 1036 3621 cordis
1056 3572 1142 3620 cum
1161 3547 1388 3619 contricione
1510 3595 1511 3610 a

297 3648 507 3720 confessus.
560 3648 683 3734 Quem
702 3659 789 3745 post
815 3649 888 3721 hoc
913 3648 1132 3746 Spicimirus
1159 3649 1388 3720 castellanus
1510 3697 1512 3730 2

297 3759 334 3821 et
351 3748 561 3820 larosslaus
588 3748 873 3821 archidiaconus
902 3748 1178 3843 Cracoviensis,
1211 3748 1273 3846 qui
1299 3758 1390 3820 tunc

296 3846 500 3921 infirmitati
527 3872 595 3921 sue
620 3861 810 3947 preerant,
838 3873 912 3921 non
937 3874 1021 3922 cum
1041 3873 1157 3949 parvo
1184 3847 1276 3921 lietu
1303 3849 1392 3921 allo-

297 3949 370 4021 cuti
390 3950 496 4021 fuere
514 3950 579 4021 tali
599 3952 727 4022 modo:
747 3950 899 4023 Domine
917 3974 992 4046 rer,
1019 3958 1057 4023 tu
1074 3958 1155 4023 tuos
1173 3950 1318 4042 nobiles,
1331 3949 1391 4021 di-

296 4052 382 4121 vitea
401 4057 637 4145 cluanuama,
663 4053 819 4147 insiqnes
844 4057 878 4123 et
901 4076 1048 4146 parvos,
1075 4051 1248 4145 superbos
1272 4056 1306 4123 et
1327 4049 1391 4121 ltu·

297 4150 407 4243 miles,
431 4173 532 4223 senes
556 4158 590 4224 et
612 4154 753 4225 iuvenes
777 4159 810 4224 et
834 4152 1020 4247 quotalibet
1043 4155 1080 4223 in
1104 4158 1202 4223 statu
1226 4174 1291 4224 suo
1316 4153 1392 4223 sine
1509 4233 1510 4246 χ

297 4250 550 4325 nrolestacione
568 4252 725 4347 quolibet
745 4254 781 4325 in
800 4252 903 4325 donis
925 4258 959 4323 et
980 4253 1116 4325 iuribus
1139 4253 1300 4345 ipsorum
1324 4254 1393 4323 uite
