3050 4900
422 391 637 466 ANNALES
666 388 962 466 POLONORUM
989 392 1013 464 Ι.
1218 394 1263 464 71

64 627 67 632 >
167 601 314 664 tantum
332 586 472 689 Ungari
492 590 684 666 christiani
705 615 860 665 causam
892 591 998 665 ducis
1015 590 1066 689 pii
1090 601 1130 665 et
1151 588 1267 667 incliti

169 692 415 764 condolentes
442 696 508 766 sed
535 704 573 765 et
596 693 732 790 pagani
761 692 917 766 Comani
942 692 1024 766 eius
1047 690 1170 764 vicem
1193 691 1267 764 fur-

166 791 317 865 tissime
333 793 589 887 condolerunt‚
605 803 643 866 et
657 793 835 890 extimplo
850 816 935 865 cum
950 793 1047 867 dicto
1063 795 1157 864 duce
1177 792 1266 863 utri·

168 916 242 989 que
262 903 390 964 contra
410 893 547 966 milites
563 891 836 968 Cracovieuses
852 903 889 966 et
903 895 1038 966 ducem
1053 895 1267 968 Conradum

167 992 270 1064 acies
290 992 566 1090 ordinaverunt.
621 993 787 1065 Mirabile
812 993 923 1089 dictu,
955 992 997 1066 fit
1020 1014 1265 1089 congressu8‚

165 1094 246 1165 Deo
262 1093 427 1190 iuvante,
447 1095 519 1165 dux
536 1094 676 1167 Lestko
693 1117 777 1166 cum
794 1093 924 1191 paucis
944 1093 1022 1167 suis
1042 1092 1264 1166 Cracovieu·

165 1193 269 1266 sibus
288 1192 458 1266 fidelibus
478 1204 516 1266 et
533 1193 694 1290 Ungaris
721 1195 974 1290 Comanisque
992 1193 1054 1266 vix
1072 1191 1263 1267 sexcentis

165 1296 300 1366 ducem
316 1295 527 1368 Conradum
548 1317 634 1367 cum
653 1319 792 1390 magna
812 1293 1046 1367 multitudine
1065 1294 1262 1366 hominum

164 1393 329 1489 fugavit,
360 1393 539 1467 mactavit
563 1405 600 1466 et
632 1394 848 1492 captivavit,
880 1405 918 1467 et
942 1395 997 1468 sic
1030 1419 1115 1466 cum
1142 1393 1262 1490 gloria

164 1496 210 1566 ad
239 1493 492 1567 Cracoviense
512 1505 677 1567 castrum
700 1493 897 1590 remeavit,
923 1497 1022 1593 quod
1041 1494 1165 1568 solum
1191 1492 1261 1566 sibi

163 1617 233 1690 per
243 1594 345 1666 cives
356 1594 629 1668 Cracovienses
649 1598 694 1666 de
708 1593 881 1668 omnibus
901 1597 1034 1668 castris
1053 1605 1154 1668 terre
1174 1595 1261 1667 Cra·

163 1694 353 1767 coviensis
379 1695 446 1767 fuit
471 1695 630 1769 fideliter
653 1705 906 1793 reservatum,
933 1697 1084 1768 domina
1109 1695 1261 1768 ducissa

161 1793 200 1866 in
227 1797 361 1867 eodem
381 1794 697 1892 castr07videlicet
714 1794 909 1892 Gripbina‚
935 1797 1136 1869 residente.
1189 1795 1260 1867 Pro

161 1919 236 1993 qua
262 1894 442 1969 fidelitate
462 1899 534 1968 dux
551 1897 688 1969 Lestco
707 1895 884 1993 predictis
905 1895 1047 1970 civibus
1067 1895 1259 1967 civitatem

160 1995 453 2070 cracoviensem
472 1993 687 2069 fortissimis
701 1995 847 2092 plancis
857 2005 897 2068 et
915 1996 1081 2090 fossatis,
1095 1994 1259 2068 reniten-

160 2095 258 2169 tibus
278 2096 470 2191 militibus,
489 2099 623 2170 eodem
643 2120 742 2168 anno
758 2095 918 2168 munivit
935 2106 974 2169 et
991 2119 1152 2192 magnas
1171 2119 1258 2168 con·

159 2196 243 2268 tulit
261 2195 465 2270 libertates.
532 2198 675 2270 Eodem
690 2219 789 2268 anno
804 2197 977 2293 sequenti
993 2197 1051 2269 die
1067 2203 1153 2293 post
1165 2194 1258 2267 nati·

159 2296 315 2369 vitatem
334 2297 489 2393 virginis
507 2297 624 2369 blarie
643 2298 731 2369 obiit
750 2296 881 2394 regina
902 2297 1094 2370 bohemie.
1146 2297 1329 2372 Annusen·
1345 2320 1366 2365 o.

159 2399 294 2470 eodem
314 2397 388 2469 dux
406 2397 613 2472 Primislius
629 2396 783 2470 maioris
801 2397 955 2471 Polonie
969 2396 1072 2471 duxit
1087 2420 1257 2495 uxorem,

158 2498 274 2571 filiam
305 2498 407 2596 regis
437 2498 600 2593 Swecie,
636 2498 789 2573 nomine
811 2498 1006 2598 Rithcam‚
1041 2500 1079 2571 in
1112 2498 1255 2571 octavis

158 2597 496 2673 sanctiFrancisci.
1264 2611 1314 2655 ⁰⁰¹·
1328 2609 1364 2658 11·
1427 2594 1431 2599 ’

236 2701 345 2774 1286.
383 2708 548 2777 castrum
582 2724 603 2770 a
636 2698 821 2771 Ruthenis
850 2709 889 2771 et
912 2723 935 2771 a
959 2698 1161 2771 Litbwanis
1189 2721 1254 2770 no·

156 2797 259 2871 mine
279 2798 422 2892 Gostyn
448 2798 652 2895 acquiritur
669 2800 800 2871 fraude
819 2798 994 2871 videlicet
1012 2797 1171 2873 Conradi
1190 2800 1255 2871 du-

158 2898 226 2995 cis,
254 2899 533 2996 mrdtorumque
560 2899 716 2995 sanguis
737 2898 883 2971 effusus
910 2908 969 2972 est
994 2898 1188 2993 innoxius3
1215 2898 1253 2993 in

157 3002 292 3071 eodem
318 3010 551 3071 mortuorum
581 3008 618 3069 et
645 2998 877 3096 captivorum
912 2997 1082 3072 sexcenti
1110 3008 1148 3071 et
1174 3023 1253 3070 am-

154 3099 254 3197 plius
267 3110 354 3171 sunt
368 3099 566 3173 numerati.
601 3100 742 3171 Eodem
761 3123 861 3171 anno
876 3099 1050 3172 dominus
1064 3100 1252 3172 lohannes

155 3200 423 3274 Poznaniensis
440 3198 641 3297 episcopus
657 3199 826 3295 moritur,
848 3200 906 3271 cui
928 3198 1102 3272 dominus
1120 3200 1253 3271 lohan-

155 3324 224 3373 nes
244 3300 398 3373 traditor
422 3300 608 3373 successit
635 3310 673 3371 et
698 3299 735 3371 in
760 3300 889 3372 Lenda
917 3301 1080 3373 claustro
1101 3300 1252 3373 Griseo·

151 3424 238 3471 rum
256 3400 294 3470 in
314 3400 533 3497 episcopum
560 3410 814 3473 consecratur.
875 3401 983 3472 Anno
1015 3395 1148 3474 eodem
1177 3403 1252 3472 dux

152 3501 368 3573 Bernardus
395 3502 564 3598 moritur,
596 3501 695 3574 filius
724 3500 901 3595 Bolezlay
926 3502 1105 3597 Rogatus.
1181 3501 1252 3572 Eo-

152 3604 241 3673 dem
260 3624 359 3671 anno
378 3610 465 3697 post
482 3600 787 3698 assumpcionem
809 3604 918 3673 beate
943 3600 1099 3697 virginis
1119 3600 1249 3696 blarie,
1258 3632 1313 3687 xp.
1322 3633 1357 3682 15.

150 3711 317 3775 castrum
333 3700 516 3773 Plocense
532 3702 750 3774 aWolkone
764 3704 859 3773 duce
872 3700 1053 3774 Brecensi
1067 3711 1105 3773 et
1118 3699 1249 3772 Lanci-

151 3801 269 3875 ciensi
288 3801 501 3899 acquiritur.
574 3803 656 3873 Dux
675 3802 842 3874 lllazovic
861 3804 1056 3876 Conradus
1075 3826 1160 3873 cum
1180 3802 1245 3873 mi·
1253 3791 1327 3907 &⁰324

150 3902 273 3976 litibus
293 3900 473 3977 Cracovie
494 3912 531 3973 et
548 3900 784 3975 Sandomirie
803 3912 986 3976 conantur
998 3904 1124 3975 eicere
1142 3900 1248 3975 Lest-

149 4004 285 4077 cuuem
305 4015 342 4076 et
361 4002 550 4077 civitatem
570 4007 795 4100 conburunt,
820 4006 886 4095 sed
915 4027 1002 4076 cum
1028 4003 1164 4076 auxilio
1189 4027 1247 4076 re·

149 4104 209 4202 gis
227 4103 392 4202 Ungarie
412 4102 621 4179 vincuntur.
