3050 4900
415 388 630 463 ANNALES
659 386 956 464 POLONORUM
983 390 1007 462 1.
1212 391 1257 461 71

56 625 58 629 ·
148 598 307 662 tantum
325 589 466 686 Ungari
485 588 678 664 christiani
698 611 854 662 causam
885 588 991 662 ducis
1010 588 1060 687 pii
1084 598 1124 662 et
1144 585 1261 664 incliti

151 690 409 762 condolentes
435 693 503 763 sed
529 701 566 762 et
589 691 726 787 pagani
755 689 911 763 Comani
936 689 1018 763 eius
1042 688 1163 762 vicem
1188 689 1261 762 lor·

148 788 311 862 tissime
326 791 582 884 condolerunt,
598 800 636 862 et
650 790 829 888 extimplo
845 814 929 862 cum
944 789 1040 863 dicto
1056 792 1151 861 duce
1171 791 1259 861 utri-

151 913 230 986 que
253 901 384 962 contra
404 890 541 962 milites
557 889 830 965 Cracovienses
845 900 883 963 et
896 893 1031 964 ducem
1046 892 1261 965 Conradum

149 989 262 1062 acies
283 989 560 1063 ordinaverunt.
615 989 780 1063 Mirabile
804 991 917 1104 dictu,
948 990 990 1064 fit
1014 1011 1259 1086 congressus,

147 1091 235 1162 Deo
254 1091 421 1188 iuvante,
440 1093 512 1162 dux
530 1091 670 1164 Lestko
687 1115 772 1162 cum
787 1090 917 1188 paucis
937 1091 1016 1164 suis
1035 1090 1257 1165 Cracovien·

148 1190 261 1263 sibus
281 1189 451 1264 fidelibus
472 1201 509 1264 et
527 1191 687 1288 Ungaris
714 1191 1021 1288 Comanisque
987 1217 1048 1263 vrx
1066 1189 1257 1264 sexcentis

148 1293 293 1364 ducem
309 1293 521 1365 Conradum
541 1316 627 1364 cum
647 1315 786 1388 magna
806 1291 1040 1365 multitudine
1059 1291 1256 1364 hominum

148 1390 323 1487 fugavit,
354 1391 532 1463 mactavit
557 1402 593 1464 et
625 1391 841 1488 captivavit,
874 1402 912 1464 et
936 1392 990 1464 sic
1024 1415 1108 1463 curn
1135 1391 1256 1488 gloria

148 1494 196 1563 ad
228 1491 486 1564 Cracoviense
504 1503 670 1565 castrum
693 1491 890 1588 remeavit,
917 1495 1015 1589 quod
1034 1492 1159 1564 solnm
1184 1490 1255 1563 sibi

147 1615 221 1688 per
232 1591 338 1664 cives
349 1591 622 1666 Cracovienses
641 1595 687 1664 de
701 1590 874 1664 omnibus
895 1594 1028 1666 castris
1047 1602 1147 1665 terre
1167 1593 1255 1665 Cra·

147 1691 347 1764 coviensis
372 1692 441 1764 fuit
464 1692 623 1766 fideliter
647 1702 899 1790 reservatum,
926 1693 1077 1766 domina
1103 1693 1255 1766 ducissa

146 1791 186 1863 in
215 1795 354 1864 eodem
374 1791 690 1888 castr07videlicet
708 1792 912 1890 Griphina,
929 1793 1130 1866 residente.
1183 1793 1253 1865 Pro

147 1917 225 1990 qua
256 1890 435 1966 fidelitate
455 1896 527 1965 dux
545 1894 681 1965 Lestco
701 1892 878 1990 predictis
899 1893 1041 1967 civibus
1061 1892 1253 1965 civitatem

146 1992 446 2067 Cracoviensem
465 1990 681 2066 fortissimis
696 1992 840 2090 plancis
852 2002 891 2065 et
908 1993 1075 2087 fossatis,
1088 1991 1252 2065 reniten-

144 2093 251 2166 tibus
272 2092 463 2188 militibus,
483 2095 616 2166 eodem
637 2117 734 2165 anno
751 2092 911 2166 munivit
929 2102 968 2166 et
984 2117 1145 2190 magnas
1165 2117 1251 2165 con·

144 2193 234 2267 tulit
254 2192 458 2267 libertates.
526 2196 668 2267 Eodem
684 2217 783 2266 anno
798 2193 971 2307 sequenti
986 2194 1044 2267 die
1060 2202 1146 2291 post
1159 2192 1252 2266 nati·

146 2293 308 2366 vitatem
328 2294 483 2391 virginis
501 2283 617 2366 Marie
637 2295 725 2367 obiit
744 2293 875 2391 regina
895 2293 1087 2368 bohemie
1140 2295 1322 2370 Annosevt
1338 2317 1359 2362 a.

146 2398 288 2469 eodem
308 2395 381 2468 dux
400 2394 606 2469 Primislius
622 2394 777 2468 maioris
795 2395 949 2469 Polonie
963 2395 1066 2469 duxit
1081 2417 1250 2508 uxorem,

146 2496 267 2569 liliam
299 2496 400 2593 regis
431 2494 593 2590 Swecie,
629 2496 783 2570 nomine
805 2496 1043 2621 Rithcam‚
1034 2521 1072 2568 1n
1105 2495 1249 2569 octavis
1420 2592 1425 2596 .

146 2595 272 2671 sancti
290 2597 317 2668 F
319 2620 489 2669 ranciscr
1258 2608 1308 2652 ⁰⁰¹
1321 2606 1357 2654 11-

230 2697 338 2781 1286.
377 2707 458 2774 cast
460 2720 541 2768 rum
576 2721 596 2768 a
629 2695 815 2769 Ruthenis
844 2707 881 2769 et
906 2720 928 2769 a
952 2695 1155 2769 Lithwanis
1182 2718 1248 2767 no·

145 2795 253 2869 mine
272 2796 416 2891 Gostyn
441 2796 645 2893 acquiritur
663 2796 793 2867 fraude
813 2795 988 2869 videlicet
1005 2795 1164 2871 Conradi
1184 2798 1249 2869 du·

147 2896 219 2992 cis,
247 2897 527 2994 multorumque
554 2896 709 2993 sanguis
730 2896 876 2969 effusus
903 2905 963 2969 est
987 2896 1182 2991 innoxius3
1209 2896 1247 2967 in

146 2999 285 3069 eodem
312 3008 544 3069 mortuorum
574 3008 611 3068 et
639 2995 871 3093 captivorum
906 2996 1074 3069 sexcenti
1103 3006 1141 3068 et
1167 3020 1247 3068 am·

144 3096 248 3193 plius
260 3107 348 3169 sunt
362 3096 560 3169 numerati.
594 3098 735 3169 Eodem
755 3121 854 3168 anno
869 3096 1043 3169 dominus
1058 3097 1246 3169 lohannes

146 3198 417 3271 Poznauiensis
433 3196 635 3295 episcopus
650 3196 819 3292 moritur⁷
841 3198 900 3270 cui
922 3196 1095 3270 dominus
1113 3198 1247 3269 lohan-

146 3321 218 3370 nes
236 3298 391 3370 traditor
416 3298 602 3371 successit
629 3308 666 3369 et
692 3297 729 3368 in
753 3298 882 3370 Lenda
910 3298 1073 3371 claustro
1094 3297 1245 3371 Griseo·

143 3420 231 3467 rum
249 3396 286 3467 in
307 3397 526 3495 episcopum
553 3408 808 3471 consecratur.
867 3398 976 3470 Anno
1008 3393 1142 3472 eodem
1171 3400 1245 3469 dux

144 3497 361 3569 Bernardus
389 3499 557 3594 moritur,
590 3498 688 3571 filius
718 3498 894 3592 Bolezlay
920 3500 1099 3595 Rogatce.
1175 3499 1245 3569 Eo·

144 3599 234 3669 dem
253 3620 353 3668 anno
371 3607 458 3693 post
476 3597 781 3695 assumpcionem
802 3601 911 3671 beate
936 3598 1093 3695 virginis
1112 3597 1306 3694 Mariam
1315 3631 1350 3680 15.

143 3707 310 3771 castrum
326 3698 509 3770 Plocense
526 3699 743 3771 aWolkone
757 3701 852 3772 duce
866 3697 1045 3772 Brecensi
1061 3709 1098 3771 et
1111 3698 1243 3770 Lanci-

144 3798 262 3872 ciensi
281 3798 494 3909 acquiritur
567 3799 650 3870 Dux
668 3798 836 3871 blazovie
855 3802 1048 3874 Conradus
1069 3823 1154 3871 cum
1173 3824 1239 3871 rnr-
1217 3789 1320 3904 1le

141 3899 267 3973 litibus
287 3896 467 3973 Cracovie
487 3910 524 3970 et
541 3898 777 3972 Sandonririe
796 3909 980 3973 conantur
992 3900 1117 3973 eicere
1136 3900 1241 3973 Lest-

142 4024 278 4073 eonem
298 4011 336 4073 et
354 3998 543 4074 civitatem
564 4004 788 4097 conburunt,
813 4004 879 4091 sed
908 4024 995 4073 curn
1021 4000 1157 4073 auxilio
1182 4024 1240 4073 re-

143 4100 202 4197 gis
220 4101 385 4199 ngarie
405 4099 614 4173 vincuntur.
