3050 4900
529 439 834 554 mosomio.
974 517 979 524 -
1195 467 1241 540 xl

144 687 262 782 pluris
289 685 342 756 uel
364 686 741 757 commemorationum
761 680 805 752 ele
825 679 1074 773 antiquissima
1092 671 1244 745 Polono-

150 830 230 878 rum
257 805 405 876 historia
434 827 526 896 quae
552 824 663 896 aeque
690 809 796 895 cupre
824 801 860 870 in
886 796 966 868 aliis
992 793 1184 866 consilibus
1213 794 1246 859 et

150 925 326 996 chronicis
353 922 527 1015 loquutur.
582 919 744 991 llloaimu
775 924 893 988 autem
918 918 1009 986 inter
1038 917 1182 984 nostros
1212 913 1247 978 et

150 1041 307 1114 Annales
327 1040 542 1112 Polonorum
561 1040 659 1123 infru
679 1036 823 1108 deendos
841 1042 893 1107 est
910 1030 1138 1107 obseruanda
1165 1029 1244 1114 atti·

150 1163 258 1254 uitus‚
285 1166 388 1230 lanta
409 1159 546 1254 quidem
568 1165 606 1229 ui
621 1161 780 1229 statuere
795 1156 925 1248 possis,
949 1153 1015 1224 bos
1033 1173 1155 1222 ornnes
1173 1170 1244 1217 uno
1328 1203 1334 1214 .

152 1269 1245 1372 eodemquerersnuliumdeperditorumeuerripluriosostuisse.

156 1397 308 1486 Quando
329 1402 447 1468 (eutem
466 1397 589 1488 scripti
606 1396 678 1465 sint
688 1390 845 1464 Annales
863 1391 1054 1484 compilati,
1074 1391 1245 1458 incertum

154 1523 226 1607 esl,·
255 1514 462 1586 at'soeculo
482 1513 571 1584 XIV.
591 1512 732 1583 derisum
755 1513 792 1580 in
809 1509 904 1581 bunc
921 1512 1079 1594 toronum
1100 1529 1175 1576 esse
1194 1527 1247 1574 re-

155 1635 293 1726 unctos,
321 1635 393 1703 ium
422 1635 602 1725 scriptura
630 1630 762 1703 codicis
781 1627 962 1719 docemur,
990 1651 1100 1720 quam
1117 1625 1248 1716 compi-

155 1753 264 1824 latori
287 1753 355 1844 ipsi
378 1736 559 1822 vindicam
576 1771 778 1842 possumus.
833 1747 906 1819 Nec
924 1745 1048 1818 melius
1067 1744 1110 1815 ele
1128 1743 1245 1816 Anna·

155 1871 245 1942 libus
271 1867 486 1940 l'olonorum
512 1867 727 1962 praedicare
756 1867 932 1960 valemus7
966 1865 1005 1936 iel
1028 1871 1148 1935 autem
1176 1867 1249 1947 sut·
1337 1920 1344 1930 .

154 1991 239 2080 boib
264 1988 360 2078 qsroel
378 2010 500 2058 omues
517 1987 553 2057 bi
571 1987 831 2082 antiquioribus
848 1987 918 2056 sint
934 1985 1168 2079 superstructi
1186 1983 1252 2052 eccl·

156 2106 410 2198 notutiouibus,
438 2111 511 2175 tum
539 2112 657 2176 autem
684 2103 1008 2176 continuationibus
1027 2104 1137 2173 curiis
1156 2104 1253 2172 eructi

158 2229 191 2297 in
210 2227 333 2295 verrios
352 2223 491 2294 codices
510 2225 774 2316 ereanuscriptos
792 2221 972 2293 translati.

225 2342 380 2414 Annales
397 2341 624 2434 Lubinenses,
652 2349 691 2412 ut
713 2345 748 2412 in
774 2343 937 2436 irrarpiue
957 2341 1129 2413 adnotari
1147 2363 1252 2410 cura-
1352 2433 1356 2440 Ι

160 2466 289 2555 vimus,
324 2460 378 2532 oel
408 2484 487 2531 cum
519 2458 714 2533 Annalibus
746 2461 893 2554 capituli
924 2462 1169 2534 Cracooieusis
1202 2460 1255 2531 oel

160 2606 239 2654 cum
266 2580 462 2651 Annalibus
490 2579 706 2673 compilatis,
739 2579 794 2668 uel
819 2583 927 2652 etiam
953 2604 1032 2652 cum
1053 2579 1255 2682 ¹Annalibus

160 2700 461 2771 Kamenzcusibus
479 2704 693 2791 conprimat,
720 2703 754 2769 ct
778 2722 884 2793 quum
910 2699 1023 2771 coclea
1040 2722 1162 2769 eorum
1182 2701 1254 2769 iam

160 2822 258 2890 initio
276 2842 371 2890 saec.
387 2814 481 2885 Xlll.
496 2803 649 2909 scriptus
667 2818 722 2909 sil,
743 2816 848 2888 liceat
867 2842 927 2889 eos
946 2841 1082 2913 quoque
1102 2819 1152 2888 ocl
1169 2840 1254 2887 eare-

162 2961 240 3009 men
260 2937 302 3007 ele
321 2933 441 3007 codice
462 2932 661 3005 (scribentico
681 2936 931 3006 instituendum
951 2960 1093 3007 oocore.

228 3054 383 3125 Annales
400 3052 672 3146 Komenzenses‚
700 3059 741 3123 ut
762 3054 990 3147 inscriptione
1009 3077 1153 3126 eorum:
1179 3054 1256 3126 Ista

164 3184 317 3271 accepta
349 3182 436 3243 sunt
470 3173 514 3241 be
541 3161 703 3243 ¹cronicis
731 3170 955 3243 Polonorum
990 3173 1177 3265 docemur,
1213 3197 1256 3245 eo

164 3294 354 3364 annalibus
381 3297 465 3362 serni
488 3281 738 3385 ueitoottqu
762 3297 881 3362 ulrum
909 3294 944 3362 in
970 3316 1041 3363 erno
1066 3293 1257 3388 eodemque

164 3411 359 3503 exemplari
394 3410 535 3479 ererctori
564 3415 713 3501 praesto
747 3411 897 3503 fuerint,
939 3434 988 3481 on
1019 3413 1053 3482 in
1080 3412 1255 3506 pluribus,

165 3527 290 3620 quippe
322 3528 380 3619 qui
410 3528 523 3598 inulto
555 3530 775 3618 contineant,
809 3552 902 3621 quae
932 3535 967 3599 ct
995 3532 1031 3599 in
1061 3528 1257 3603 Annalibus

164 3642 311 3737 capituli
329 3648 364 3712 et
380 3644 414 3713 in
430 3643 624 3717 Annalibus
638 3646 840 3739 compilatis
857 3646 1031 3740 lepuntur‚
1053 3648 1259 3742 ombipuum

165 3769 226 3833 est.
283 3762 381 3832 Certe
414 3769 619 3832 nostrorum
656 3764 819 3834 diesersue
851 3766 886 3833 iu
913 3764 1041 3836 Silesiu
1069 3769 1261 3839 exstabant

166 3884 301 3975 copiae,
322 3882 405 3974 quia
425 3880 498 3949 iam
514 3879 669 3953 Auuules
685 3866 966 3954 Cisterbtieuslum
986 3885 1021 3954 iu
1035 3882 1261 3957 Heinriobow

166 4006 199 4071 et
224 3999 423 4071 Cbrouicou
445 4000 645 4094 principum
671 3999 843 4072 Polouiue
876 4000 942 4073 bos
967 4003 1003 4071 in
1027 4025 1129 4073 usum
1157 4028 1259 4087 suum

166 4118 359 4189 vertebant.

240 4234 396 4309 Annales
416 4238 670 4309 Cracooieuses
697 4236 820 4307 breues
845 4261 923 4308 cum
942 4236 1140 4311 Annalibus
1166 4243 1263 4334 eapi-
