3050 4900
408 425 623 500 ANNALES
649 425 1022 502 MECHOVIENSDS.
1191 431 1258 501 111

170 621 344 698 Saxonis.
394 625 439 698 Et
479 626 531 697 hii
566 627 645 700 fere
683 649 817 698 omnes
851 625 890 697 in
921 628 1054 698 eodem
1087 622 1261 696 conflictu

170 725 384 797 ceciderunt
403 737 440 798 et
459 726 519 796 alii
539 727 600 822 qni
619 726 656 797 in
676 727 805 822 fugam
825 725 927 798 versi
950 726 1103 798 fuerunt
1125 749 1261 797 omnes

169 834 277 896 erunt
307 824 499 922 captivati,
538 829 611 898 duo
649 827 780 922 duces,
819 827 976 898 comites
1015 825 1053 898 et
1080 825 1261 921 langrawi
1303 900 1304 903 ,

169 935 276 997 erant
291 925 465 1021 captivati
481 927 576 998 etde
591 937 706 1022 gente
720 925 847 998 oomni
861 926 963 1022 regis
979 928 1025 997 ad
1039 927 1088 1000 20
1103 949 1261 996 numero

2 1070 5 1083 ι
90 1027 92 1114 ᾗ
168 1027 319 1096 fuerunt
336 1025 532 1097 interfecti.
592 1028 732 1098 Eodem
751 1037 923 1124 tempore
943 1036 1085 1098 tantan
1109 1025 1261 1099 domino

2 1172 4 1179 i
92 1149 95 1182 t
167 1125 247 1196 Deo
267 1127 418 1197 obtenta
436 1125 589 1197 victoria
609 1136 794 1199 venerunt
820 1151 954 1198 omnes
970 1125 1142 1223 pociores
1161 1135 1261 1198 terre

104 1225 120 1284 ἶ
168 1225 341 1321 Prussie,
376 1224 544 1322 episcopi
574 1235 673 1323 tres,
712 1228 888 1300 consules
923 1231 969 1300 de
999 1226 1188 1322 Elbango‚
1215 1228 1265 1298 de

168 1325 313 1421 Torun,
339 1328 385 1398 de
405 1325 595 1414 Gdanczk,
623 1329 668 1398 ‹le
697 1327 844 1422 Chelm,
861 1330 908 1399 de
925 1326 1131 1398 Brodnicza
1158 1337 1196 1398 et
1214 1328 1261 1398 de

168 1425 250 1498 aliis
270 1425 349 1497 fere
368 1425 542 1498 omnibus
562 1425 786 1522 civitatibus,
811 1426 1003 1523 omagium
1023 1428 1161 1498 domno
1179 1426 1262 1522 regi
1324 1483 1328 1489 .

167 1549 237 1622 per
264 1549 332 1597 sua
356 1525 567 1598 iuramenta
593 1526 839 1625 prestiterunt
857 1538 895 1600 et
926 1551 1060 1599 omnes
1092 1526 1262 1625 ipsorum

168 1624 338 1698 civitates
371 1636 408 1697 et
440 1636 562 1698 castra
594 1625 850 1723 subdiderunt,
868 1636 996 1699 tumen
1016 1637 1151 1724 postea
1167 1637 1262 1700 tem·

168 1750 281 1822 quam
306 1723 439 1821 perfidi
470 1725 638 1822 ipsorum
658 1727 846 1822 promissa
881 1727 1116 1823 infregerunt
1151 1737 1189 1799 et
1215 1730 1261 1799 ab

167 1825 385 1898 obediencia
402 1826 509 1922 regia
525 1837 779 1900 recesserunt.
819 1828 901 1900 Nun
914 1838 1043 1899 tamen
1057 1827 1140 1900 sine
1154 1827 1262 1923 gravi

166 1925 314 1998 ulcione
334 1935 558 2022 evaserunt⁷
595 1927 679 2022 quin
710 1930 952 2024 postmodum
980 1928 1085 1999 multi
1111 1929 1263 1999 fuerunt

166 2025 373 2120 interfecti,
392 2025 498 2098 multi
526 2026 722 2123 captivati,
749 2027 873 2124 alique
897 2026 1068 2100 civitates
1091 2027 1260 2100 desolate

166 2125 318 2197 fuerunt
343 2135 381 2198 et
418 2136 541 2198 cestre
580 2126 703 2223 aliqua
739 2128 857 2200 fractu
883 2138 921 2200 et
952 2132 1135 2200 conbusta
1160 2137 1259 2200 sunt.

165 2227 308 2299 Eodem
322 2235 493 2322 tempore
513 2226 610 2298 circa
625 2227 866 2324 Marienburg
882 2252 949 2299 rex
964 2228 1067 2300 stetit
1085 2252 1170 2300 curn
1190 2252 1260 2300 suo
1271 2242 1313 2286 1⁰¹·
1333 2241 1363 2288 26

166 2325 331 2400 exercitu
345 2329 369 2398 8
385 2326 616 2422 ebdomadisa
630 2327 820 2400 civitatem
835 2329 1029 2401 conbussit
1042 2339 1080 2401 et
1090 2307 1373 2414 contrivitsepinn.

166 2430 232 2500 sed
261 2436 428 2499 castrum
452 2426 691 2526 Marienburg
717 2454 791 2500 non
816 2428 931 2502 valuit
958 2455 1189 2528 expugnare,
1224 2440 1261 2503 et

166 2528 221 2600 sic
239 2527 409 2599 recessit.

264 2628 371 2699 Anno
397 2628 550 2701 milleno
570 2628 941 2725 quadringentesimo
961 2634 1057 2703 deno

264 2730 434 2823 Augusto
454 2733 523 2801 sub
543 2752 677 2802 mense
690 2730 864 2803 cruciferi
885 2731 989 2803 strati
1010 2734 1078 2803 snb
1099 2754 1193 2801 ense

263 2828 380 2923 Regis
400 2828 565 2923 Polonie,
585 2840 671 2926 post
689 2829 892 2902 missarum
911 2832 1231 2927 sollempnitatem

265 2926 333 2999 Die
353 2938 570 3000 sanctorum
589 2929 782 3001 divisionis
802 2930 1098 3027 appostolorum.

238 3027 345 3098 Anno
360 3028 509 3100 Domini
527 3032 633 3102 1411.
649 3029 737 3102 obiit
752 3033 913 3103 domnus
927 3031 1102 3104 Nicotaus
1117 3029 1330 3105 archie-seu.
1347 3051 1370 3098 r.

164 3125 341 3225 piscopus
362 3128 623 3207 Gnezdnensis
648 3130 711 3227 qui
737 3130 945 3204 Kurowska
973 3131 1093 3205 fuerat
1119 3155 1260 3203 nuncu-

163 3237 285 3324 patus.
1190 3306 1192 3309 ,

240 3328 333 3399 ltem
360 3352 458 3401 anno
478 3328 625 3402 Domini
647 3332 754 3403 1412.
781 3335 1012 3404 reverendus
1032 3343 1140 3429 pater
1157 3335 1260 3405 riom·

163 3450 234 3498 nus
248 3427 423 3502 Nicolaus
438 3429 707 3527 Neapolitanus
723 3431 804 3503 sive
817 3432 1099 3505 Lamburiensis
1114 3433 1259 3504 archie-

162 3526 341 3624 piscopus
361 3529 398 3599 in
417 3530 745 3629 archiepiscopum
770 3531 1062 3605 Gnezdnensem
1089 3532 1260 3631 fuitpro·

163 3636 299 3699 motus.

236 3727 343 3799 Anno
371 3727 518 3801 Domini
549 3733 654 3805 1412.
689 3732 923 3805 uenerabilis
958 3741 1065 3829 pater
1098 3735 1280 3806 dornnus.

160 3826 321 3900 Micbuel
338 3830 554 3925 prepositus
570 3830 788 3903 monasterii
803 3832 1079 3906 Mechoviensis
1099 3832 1278 3905 nacione*

162 3928 473 4024 senatumne,
510 3929 672 4027 insignia
701 3929 928 4029 pontificalia
956 3933 1081 4005 omniu
1116 3959 1137 4005 a
1166 3936 1258 4006 sede

162 4028 369 4123 apostolica
393 4030 552 4103 obtinuit
578 4040 617 4103 et
635 4031 733 4105 bulla
761 4056 877 4128 super
903 4036 1063 4106 eandem
1089 4034 1256 4129 graciam

160 4126 363 4227 ordinatur,
381 4134 478 4228 quod
494 4130 647 4229 quilibet
665 4132 880 4230 prepositus
899 4133 1177 4206 Mechuviensis
1197 4137 1258 4205 ‹le-

160 4228 247 4299 beat
258 4227 377 4303 fulciri
396 4231 539 4305 eisdem
554 4230 726 4330 insigniis
741 4234 778 4305 in
793 4231 926 4309 officiis
942 4234 1089 4332 divinis,
1116 4244 1156 4307 et
1171 4244 1259 4330 post
