3050 4900
290 461 504 537 ANNALES
519 460 873 537 CRACOVIENSES
891 461 1083 535 BREVES.
1186 462 1235 534 93

143 662 232 728 1282.
255 661 355 759 fames
377 662 539 760 horrenda
561 661 633 737 tuin
656 680 727 722 nam
751 677 898 722 mensura
924 660 1055 742 siliginis
1077 659 1171 724 solvit
1194 659 1233 724 13

140 829 231 895 1283.
254 754 702 908 bbbtlsbbbibbmboagrediens
739 847 809 888 snm
845 827 994 889 Litwanis
1027 827 1058 887 in
1101 827 1232 902 Ranae,

142 949 143 952 =
254 912 368 975 devicit
390 933 446 975 eos
470 921 501 973 et
524 911 675 993 plurimos
698 931 737 972 ex
759 911 805 972 eis
835 910 958 972 oceidit.
1155 918 1157 921 ’

323 1706 571 1830 13311113
604 1704 1037 1793 necnovinnsns

129 1830 222 1962 Qui
238 1871 433 1959 sequantur
452 1865 603 1937 annales
628 1864 679 1936 aci
695 1864 883 1935 historiam
902 1863 1110 1936 Polonieam
1129 1888 1224 1937 saer.

129 1965 221 2038 XIV.
240 1964 493 2037 illustrandam
512 1988 583 2036 aon
603 1966 720 2058 esipui
737 1970 819 2036 sant
837 1965 1015 2034 momenti.
1069 1964 1224 2036 Mieeho·

128 2069 211 2139 viae
228 2065 381 2156 scriptos
400 2088 474 2136 esse
492 2065 613 2136 statim
633 2064 753 2136 elucet.
812 2063 879 2134 aa
902 2070 1029 2134 autem·
1043 2063 1223 2156 „hlieeho-

127 2169 190 2240 oia
208 2163 378 2258 oppidum
396 2187 469 2236 noa
486 2165 638 2260 ipaobile
656 2164 805 2235 raineris
823 2163 1057 2254 Polemonia
1076 2162 1223 2236 declivio

127 2268 272 2356 montis,
291 2263 343 2338 ad
364 2264 507 2336 radices
533 2263 911 2336 sircamadiaoentiam
938 2261 1079 2334 uallium
1104 2266 1222 2357 sitnm,

127 2369 280 2465 quinque
295 2367 520 2460 parasanyis
537 2388 600 2437 sen
618 2363 829 2435 milliaribus
853 2362 1028 2435 Polonicis
1047 2388 1069 2434 a
1090 2364 1223 2436 Graea-

127 2470 188 2540 oia
207 2471 393 2559 remotam,
411 2466 520 2550 fertili
538 2472 572 2537 et
589 2467 694 2537 abere
711 2464 789 2536 solo
808 2464 982 2556 locatam,
1007 2464 1222 2561 perindeque

126 2566 312 2639 cuiuslibet
336 2568 506 2651 fraineati
531 2572 565 2637 et
593 2566 807 2661 leyamimaem
839 2566 1103 2650 feracissimam
1133 2566 1222 2657 331.α

128 2667 244 2755 Ouum
265 2672 382 2737 antem
402 2665 529 2738 nobilis
547 2668 601 2737 oir
626 2665 720 2736 lora
742 2663 901 2737 Poloaas
929 2690 952 2737 a
984 2666 1076 2737 1163
1106 2660 1221 2737 redas

123 2765 385 2859 Hierosolymis
397 2790 515 2838 sesam
531 2772 763 2860 apportasset
774 2768 911 2849 fratres
925 2764 1094 2837 bortrinici
1106 2766 1220 2857 sepul·

124 2865 203 2938 chri
228 2864 556 2959 Hierosolymitani,
582 2868 630 2937 eis
650 2865 973 2937 ad'aronasterinm
1002 2864 1139 2938 ordinis
1164 2868 1221 2936 sai

123 2965 331 3060 eripendnm
359 2964 471 3037 oralia
495 2988 574 3037 earn
606 2965 778 3059 iirr·9itate
807 2963 926 3035 villam
957 2987 1046 3035 snae
1078 2964 1220 3036 ditionis

123 3065 360 3137 Mierhoaiam
378 3064 539 3136 tradidit.
593 3065 697 3153 (laod
714 3066 969 3136 monasteriam
988 3063 1141 3137 saeculis
1158 3066 1218 3138 de·

123 3164 348 3237 currentibus
366 3167 484 3259 mapis
500 3167 687 3260 mapisque
706 3166 817 3236 cranii
833 3170 867 3236 et
883 3169 1027 3237 anetam
1046 3171 1108 3236 est.

198 3267 322 3337 Liceat
352 3272 470 3336 autem
503 3263 570 3336 hoc
599 3264 679 3337 loco
706 3264 860 3336 laudare
891 3265 1000 3335 verba
1018 3264 1144 3336 larabi
1166 3264 1219 3343 Vn

122 3366 231 3436 triaei
247 3368 282 3435 ia
301 3389 380 3458 cap.
396 3366 444 3438 58
458 3365 536 3437 libr.
554 3365 582 3437 Ι.
596 3364 769 3436 historiae
782 3388 870 3436 suae
886 3364 1077 3436 Orientalis
1091 3364 1134 3436 de
1152 3387 1217 3436 aa·

120 3471 206 3536 tara
225 3467 386 3557 vitaeque
405 3467 674 3537 conversatione
693 3465 830 3537 ordinis
849 3464 1017 3536 dominici
1041 3464 1218 3557 sepulchri

115 3563 291 3659 prolata:
309 3564 430 3636 Habet
443 3564 808 3659 Hierosolymitanus
828 3564 1047 3662 patriarcha
1060 3567 1215 3635 abbates

121 3672 160 3735 et
177 3663 322 3760 priores
343 3662 411 3735 sibi
431 3664 634 3761 subiectos7
654 3665 817 3762 insignia
837 3662 1075 3763 pontificalia,
1102 3667 1214 3735 baeu·

117 3765 177 3836 los
198 3762 342 3836 seilicet
360 3772 398 3835 et
416 3764 560 3859 mitras
579 3766 737 3838 annulos
758 3775 797 3837 et
815 3764 982 3837 sandalia
1002 3788 1048 3835 ex
1066 3763 1214 3861 privile-

118 3864 180 3961 gio
196 3862 388 3961 dignitatis
407 3864 605 3961 habentes,
625 3866 776 3938 domino
797 3865 1032 3963 patriarchae
1051 3864 1088 3935 in
1108 3863 1215 3935 mini-

118 3965 233 4037 sterio
252 3974 473 4038 reverenter
490 3964 727 4039 assistentes.
747 3965 1009 4039 patriarchalis
1028 3964 1213 4061 siquidem

119 4064 292 4163 eeclesia,
311 4088 407 4164 quae
428 4076 486 4138 est
504 4066 653 4139 Domini
672 4067 862 4164 sepulchri
888 4069 956 4139 sub
977 4076 1104 4139 monte
1130 4066 1213 4140 Cal-

116 4165 256 4259 variae,
276 4165 478 4240 canonicos
504 4167 618 4239 habet
643 4167 852 4263 regulares,
877 4171 1083 4239 secundum
1110 4166 1213 4239 habi·

116 4274 197 4339 tum
224 4276 262 4339 et
287 4268 457 4363 regulam
484 4268 557 4341 divi
590 4267 789 4365 Augustini
818 4268 1000 4365 viventes,
1064 4269 1212 4340 Habent
1346 4277 1352 4287 ’
