3050 4900
304 379 466 454 ,NOTAE
492 377 820 458 LUBLlNENSES
846 381 914 472 EX,
938 365 1045 457 COD.
1075 383 1110 457 3.
1217 386 1268 459 87

175 603 295 678 equus
321 604 556 676 peccemus,
584 592 622 654 et
639 582 775 654 fratres
794 580 831 652 in
855 579 917 653 illa
936 580 1089 680 antiqua
1107 579 1271 655 ecclesia

175 680 326 753 fuerunt
360 679 614 777 devotissimi,
656 679 970 780 silencio'sissimi‚
1001 680 1270 780 caritatissimi,

174 779 501 878 exemplarissimi.
539 782 741 878 Postquam
773 791 944 855 mortuus
977 791 1037 855 est
1062 781 1154 856 civis
1182 804 1270 878 cog·

174 881 325 953 nornine
351 882 499 968 Quanta
519 890 739 977 procurator
762 882 940 977 fratrum,
982 880 1124 979 legavit
1148 881 1271 954 fratri·

174 985 244 1053 bus
288 982 481 1054 fornacem
522 981 683 1054 laterum
719 991 757 1054 et
792 981 917 1054 calcis.
978 981 1084 1055 'func
1119 979 1270 1056 Gabriel

174 1080 362 1174 Svyrlroth
383 1106 449 1178 pro
468 1091 557 1153 tunc
572 1081 609 1154 in
630 1081 773 1175 Lublyn
789 1081 957 1156 existens
971 1082 1071 1181 cepit
1091 1082 1269 1178 frangere

174 1181 330 1258 chorum
354 1183 547 1279 antiquum
571 1192 608 1254 et
632 1192 851 1255 construere
882 1191 1067 1256 mutatum
1099 1183 1269 1256 chorum.

173 1280 361 1379 Tempore
401 1280 472 1355 isto
508 1281 633 1379 primo
670 1282 739 1354 fuit
777 1291 950 1379 apertum
988 1282 1196 1355 claustrum
1230 1280 1269 1354 in

171 1380 329 1477 Lublyn,
353 1391 443 1454 tuno
468 1380 506 1453 in
526 1382 690 1456 claustro
709 1381 810 1455 idem
835 1381 1024 1476 Svyrkoth
1048 1382 1145 1455 intra
1172 1381 1269 1455 refe·

174 1481 332 1554 otorium
363 1493 403 1554 et
419 1482 516 1554 intra
538 1483 730 1579 antiquam
750 1480 985 1554 infirmiriam
1003 1482 1147 1554 fecerat
1163 1504 1270 1578 mag·

172 1606 260 1654 narn
280 1583 473 1655 fornacem
492 1584 538 1655 ad
558 1584 791 1654 exurendum
816 1582 970 1679 lateres,
996 1583 1064 1656 sed
1090 1581 1268 1655 consules

172 1681 429 1778 prohiberent,
464 1692 502 1755 ct
527 1681 589 1754 illa
617 1683 749 1755 fornax
776 1691 835 1755 est
861 1681 1055 1756 tumulata.
1106 1680 1269 1754 Nichilo·

170 1781 296 1856 minus
315 1783 452 1855 chorus
466 1805 574 1855 muro
589 1782 951 1858 circummurabatur
965 1782 1074 1855 etille
1092 1781 1268 1879 antiquus

172 1883 310 1955 chorus
329 1883 574 1980 frangebatur
600 1906 686 1956 cum
713 1906 852 1980 magno
883 1883 1075 1977 scandalo,
1102 1905 1269 1955 murmu-

171 1981 321 2056 racione
356 1983 445 2055 licet
480 1980 582 2055 omni
606 1981 724 2077 finito,
758 1986 858 2080 qnod
895 1983 1008 2055 choro
1043 1983 1195 2055 testudo
1229 1980 1268 2053 in
1379 1984 1381 1987 ’

169 2084 285 2156 choro
310 2092 459 2155 murata
477 2093 514 2156 et
532 2084 666 2156 eodem
685 2082 744 2157 die
764 2106 837 2180 quo
857 2093 917 2158 est
941 2080 1045 2154 finita
1064 2081 1203 2155 corruit
1230 2090 1270 2155 et

171 2182 305 2256 cecidit
340 2183 441 2256 etin
467 2182 646 2256 nichilum
673 2185 864 2258 destructa
890 2205 964 2254 non
1001 2182 1084 2256 sine
1117 2181 1267 2279 magnis

163 2282 338 2382 inpensis
357 2282 617 2382 pecuniarum.
666 2283 771 2356 Tunc
797 2285 951 2356 demum
976 2281 1015 2354 in
1041 2282 1156 2355 choro
1182 2306 1268 2380 pre-

169 2382 268 2458 dicto
288 2385 454 2458 secunda
473 2387 622 2458 testudo
651 2393 712 2483 est
738 2393 886 2457 murata
911 2407 997 2457 cum
1022 2382 1172 2481 magnis
1198 2382 1268 2455 im·

168 2484 313 2583 pensiS,
332 2509 404 2582 que
423 2488 535 2558 modo
551 2486 674 2559 adhuc
695 2494 771 2557 stat
790 2494 861 2558 etc.

243 2586 352 2658 Anno
371 2584 521 2658 Domini
543 2588 648 2659 1487.
675 2585 837 2658 fractum
863 2594 924 2658 est
941 2608 1077 2683 corpus
1103 2581 1265 2656 ecclesie

169 2696 300 2759 nostre
324 2685 362 2759 in
387 2690 522 2761 robora
547 2684 725 2783 quercina
760 2695 951 2758 muratum
980 2695 1019 2758 et
1042 2684 1267 2781 inceperunt

171 2806 307 2884 corpus
327 2786 489 2859 ecclesie
509 2810 660 2859 murare
679 2810 767 2859 curn
784 2786 935 2881 magnis
955 2783 1144 2882 expensis

244 2887 352 2959 Anno
370 2886 519 2959 Domini
540 2888 648 2961 1495.
667 2886 803 2959 fratres
829 2885 900 2959 soli
923 2881 1187 2982 cooperierunt
1212 2881 1265 2955 la·

168 2986 310 3059 teribus
329 2996 449 3059 totum
469 3009 605 3084 corpus
625 2984 799 3059 ecclesie.

244 3087 351 3159 Anno
371 3085 520 3159 Domini
543 3089 649 3160 1497.
669 3086 893 3185 inceperunt
911 3082 1141 3159 testudinem
1161 3078 1263 3156 edifi-

170 3209 257 3260 care
279 3186 439 3261 etfinita
459 3186 595 3261 estdie

243 3287 350 3360 Anno
386 3287 535 3361 Domini
566 3289 673 3362 1497.
708 3284 879 3360 edificate
912 3295 1002 3358 sunt
1041 3286 1263 3356 membrane

169 3386 289 3459 celule
330 3410 400 3486 per
431 3388 568 3462 fratres
605 3387 728 3481 solos,
762 3410 832 3484 per
864 3386 1020 3459 fratrem
1053 3384 1263 3457 Iohannem

170 3485 353 3583 pictorem
378 3491 615 3561 sacerdotem
637 3491 683 3561 de
706 3489 860 3583 Pyzdry‚
881 3510 949 3584 per
969 3486 1125 3557 fratrem
1149 3483 1262 3554 Fran·

167 3586 311 3661 ciscnm
326 3591 563 3661 sacerdotem
577 3589 623 3662 de
645 3587 832 3681 Przythyk
859 3598 897 3659 et
922 3587 1077 3659 fratrem
1105 3584 1261 3679 Symeo-

165 3712 253 3762 nem
274 3690 320 3761 de
337 3688 559 3785 Brzennycz.
593 3688 652 3761 llii
668 3698 747 3762 tres
767 3686 926 3760 fideliter
951 3689 1192 3760 membranas
1209 3681 1261 3754 la·

168 3793 407 3871 boravernnt.
956 3812 961 3821 ·

470 3986 956 4021 *²*—
