3050 4900
243 469 427 546 CONTlN.
454 467 622 543 ANNAL.
650 467 946 541 POLONORUM
967 468 981 540 l
1000 465 1060 540 ET
1078 465 1134 539 lll.
1187 468 1235 540 79

26 733 30 739 ,
138 681 301 768 agente
326 667 501 744 Polonioa
528 668 564 740 in
592 678 819 768 perpetuum
846 668 929 741 sine
953 665 1235 741 intermissione

138 775 240 846 Deus
261 770 503 843 collaudetur.

213 872 299 969 lpso
335 871 373 942 in
404 881 576 967 tempore
604 869 701 941 circa
728 869 867 941 festum
895 866 1014 940 sancti
1040 865 1234 938 Michaelis

136 972 262 1044 audita
283 973 388 1044 clade
408 974 644 1043 barbatorum
666 994 750 1040 cum
772 993 884 1040 manu
909 967 994 1039 forti
1022 967 1124 1038 venit
1145 966 1235 1038 Poz-

136 1073 290 1145 naniam
312 1096 377 1143 rex
402 1069 584 1143 Bolremie
603 1070 793 1142 lohannes
815 1080 854 1140 et
874 1072 1117 1165 oppugnabat
1148 1089 1233 1137 eam

136 1195 224 1244 cum
237 1170 422 1244 machinis
439 1183 476 1243 et
489 1169 710 1264 fossoribus,
729 1173 795 1242 sed
826 1169 1003 1241 militibus
1028 1179 1066 1240 et
1093 1165 1234 1239 civibus

136 1273 282 1345 foritter
299 1271 605 1370 repugnantibus,
632 1270 859 1367 quingentos
877 1269 1052 1341 homines
1071 1269 1234 1364 perdens

138 1384 176 1446 et
201 1375 247 1446 de
274 1373 483 1445 fossoribus
502 1373 629 1468 plures
650 1373 840 1464 amittens,
860 1370 1055 1440 machinas
1075 1366 1234 1440 derelin-

136 1497 273 1570 quens,
292 1473 471 1569 confusus
491 1495 577 1544 oum
597 1495 736 1566 magna
754 1470 909 1542 tristicia
930 1479 968 1542 et
994 1465 1234 1542 desolacione

138 1584 177 1646 et
190 1576 354 1670 dampno
369 1573 499 1670 viginti
515 1572 656 1644 milium
675 1595 887 1644 marcarum
902 1569 940 1641 in
954 1567 1234 1642 Wratislaviam

137 1673 341 1772 repedavit.

212 1775 253 1846 ln
284 1797 382 1845 anno
410 1775 517 1846 1332.
547 1782 730 1845 exeuntes
760 1770 932 1842 cruciferi
970 1769 1006 1840 in
1036 1792 1130 1840 cena
1161 1766 1343 1846 Domino.
1420 1775 1424 1780 ’
1497 1748 1498 1751 “

136 1873 227 1946 mini
246 1873 482 1946 vallaverunt
499 1872 642 1968 Brestz7
662 1896 775 1969 quam
795 1870 1049 1968 inpugnantes
1075 1878 1236 1965 'quatuor

135 1973 266 2048 diebus
293 1998 377 2046 oum
397 1973 582 2046 machinis
610 1983 647 2044 et
672 1972 754 2044 aliis
780 1970 1054 2065 instrumentis,
1074 1993 1119 2041 eo
1136 1970 1233 2066 quod

134 2073 246 2171 pauci
261 2074 401 2147 milites
414 2074 566 2145 fuerunt
592 2073 628 2144 in
657 2097 715 2166 ea⁷
742 2071 866 2168 ipsam
893 2095 960 2168 per
986 2069 1233 2142 tradicionem

135 2175 346 2272 aliquorum
379 2173 516 2246 civium
545 2173 672 2270 quinto
701 2172 759 2244 die
788 2170 1038 2244 obtinuerunt.
1077 2170 1163 2266 lpso
1195 2169 1233 2240 in

133 2285 308 2373 tempore
327 2273 717 2367 Wladyslavia-iunior
742 2283 877 2369 sponte
906 2295 950 2345 se
977 2271 1137 2344 subdidit
1162 2269 1234 2342 eis·

135 2379 232 2448 dem.
284 2375 420 2459 Milites
458 2373 572 2472 igitur
597 2398 683 2444 cum
711 2373 889 2446 uxoribus
915 2383 952 2444 et
978 2371 1105 2470 pueris
1137 2372 1233 2442 ultro

135 2478 332 2550 exulantes
352 2486 479 2573 preter
503 2476 698 2547 Albertum
725 2475 931 2571 palatinum
966 2474 1105 2545 dictum
1137 2473 1233 2546 Cho·

135 2579 295 2673 stelecz7
316 2576 433 2674 quiin
460 2586 583 2649 castro
604 2576 700 2647 dioto
724 2578 885 2647 Pacoscz
905 2598 948 2647 se
971 2598 1057 2646 cum
1078 2573 1157 2646 suis
1175 2596 1232 2643 re-

135 2678 235 2774 cepit
254 2688 291 2754 et
309 2676 415 2750 dictis
436 2699 478 2749 se
499 2676 691 2748 cruciferis
711 2676 865 2747 viriliter
885 2674 1096 2747 resistendo
1118 2697 1232 2770 oppo-

136 2778 223 2873 suit,
242 2754 303 2851 alii
319 2800 453 2849 omnes
468 2776 506 2847 in
522 2776 741 2851 Cracoviam
762 2780 807 2849 ad
834 2799 967 2873 regem
994 2799 1038 2846 se
1066 2774 1232 2847 cont-ule-

10 2928 14 2937 ·
134 2888 230 2950 runt.
283 2878 369 2976 lpso
389 2902 487 2959 anno
507 2877 592 2950 talis
621 2888 727 2949 estus
754 2876 823 2948 fuit
851 2886 890 2947 ut
915 2874 1088 2947 homines
1117 2872 1232 2945 vetuli

134 2981 307 3051 dixerunt
324 2978 531 3075 numquam
549 3002 592 3049 se
621 2977 751 3049 diebus
779 2976 858 3049 suis
878 2975 914 3046 in
933 2985 1034 3047 terra
1053 2972 1232 3047 Cracovie

133 3080 249 3151 talem
279 3089 402 3151 estum
428 3079 547 3151 fuisse
568 3089 762 3175 expertos3
793 3078 890 3148 unde
910 3078 955 3147 ad
982 3099 1120 3171 magne
1139 3074 1232 3147 indi·

135 3179 235 3251 cium
253 3179 430 3252 siccitatis
447 3178 635 3250 Vandalus
647 3177 784 3249 fluvius
799 3176 836 3247 in
851 3187 994 3249 tantum
1011 3175 1177 3247 decrevit
1191 3184 1233 3246 ut

134 3279 313 3353 decennis
329 3291 367 3352 et
380 3279 633 3352 duodecennis
649 3278 777 3376 pueris
791 3277 828 3349 in
845 3277 1010 3375 pluribus
1025 3276 1118 3348 locis
1129 3299 1231 3347 mea-

134 3380 219 3453 bilis
248 3392 286 3452 et
310 3380 491 3453 vadabilis
519 3390 634 3453 esset.
693 3378 830 3451 lllessis
857 3378 976 3449 eciam
1008 3377 1057 3448 ita
1086 3386 1232 3449 mature

133 3480 285 3552 advenit
318 3489 359 3551 ut
391 3480 428 3551 in
456 3481 554 3553 festo
581 3480 701 3553 sancti
722 3478 899 3551 lobannis
925 3478 1086 3574 baptiste
1113 3476 1231 3548 multa

133 3578 287 3676 oapecia
316 3579 474 3675 siliginis
499 3581 536 3651 in
561 3605 695 3678 campo
726 3589 990 3667 cernerentum
1016 3576 1117 3649 omni
1142 3575 1231 3649 etati

130 3678 328 3754 hominum
356 3690 443 3751 ante
470 3679 702 3777 incognitum
736 3680 900 3751 invisum
937 3688 974 3751 et
1012 3677 1231 3749 inauditum.

130 3781 273 3855 Eodem
300 3803 398 3852 auno
423 3779 519 3853 circa
539 3782 678 3854 festum
698 3780 874 3853 lobannis
894 3777 1056 3876 baptiste
1074 3777 1232 3849 Vincen-

132 3882 212 3955 cius
232 3880 420 3977 palatinus
440 3881 716 3977 inopinabiliter
740 3881 815 3953 telo
850 3902 1054 3977 percussus
1082 3877 1230 3950 interiit

129 3983 209 4055 Rex
224 3981 450 4057 Wladislaus
470 4006 560 4053 vero
580 3982 678 4054 circa
699 3981 1007 4079 assumpcionem
1026 3983 1135 4053 beate
1153 3978 1335 4056 Vir-mgna

129 4082 229 4179 ginis
249 4082 387 4156 iterum
407 4092 539 4169 contra
557 4082 760 4156 cruciferos
781 4093 841 4155 est
865 4081 1058 4179 profectus
1087 4090 1125 4151 et
1143 4079 1229 4176 quia

127 4184 369 4257 fraudatores
393 4208 581 4281 nusquam
604 4185 760 4279 desunt,
788 4182 902 4255 nichil
923 4181 1021 4253 circa
1042 4181 1146 4277 ipsos
1167 4206 1230 4251 va·

126 4284 211 4359 lens
227 4283 426 4383 prolicere⁷
444 4295 600 4381 treugas
616 4308 737 4383 usque
757 4288 802 4357 ad
817 4291 1061 4382 pentecostes
1080 4280 1229 4355 interim
