3050 4900
294 327 513 402 Abantes
539 329 675 404 CAPIT
679 329 754 404 ULI
782 330 1134 406 cracoviensis.
1219 332 1268 408 23

170 525 320 622 liniunt,
350 525 489 600 milites
521 525 659 602 multos
688 527 1000 604 Cr'aeovienses
990 553 1026 604 m
1054 551 1266 626 congressu

172 652 258 702 curn
283 626 376 724 ipsis
401 626 566 700 maxime
584 630 631 702 ob
651 630 766 725 prede
784 628 1002 703 avariciam.
991 653 1095 728 .que
1113 629 1264 704 Paionia

169 729 207 800 in
218 727 336 825 prelio
347 726 558 822 estinnola,
572 730 641 814 sub
658 739 742 802 astu
756 728 889 802 callido
907 704 1093 826 occidunt,
1107 730 1264 804 multam

168 829 325 926 predam
345 849 475 900 secum
494 838 699 926 asportant.
730 829 898 902 Tandem
917 828 1111 904 Zlesiam
1100 829 1266 943 ingressi

168 937 208 1001 et
225 951 311 1001 cum
324 927 591 1000 dueeHenrroo
606 937 723 1002 etsuo
735 929 900 1002 exercitu
914 929 1124 1026 congressi.
1138 930 1375 1027 ipsummet.

170 1031 306 1102 ducem
321 1037 359 1100 et
372 1030 418 1100 de
433 1027 598 1101 exercitu
614 1028 732 1127 ipsius
748 1053 831 1102 neor
823 1028 1020 1128 plurimos
1031 1028 1264 1125 addiderunt,

170 1138 209 1202 at
231 1128 287 1202 sic
309 1127 425 1200 multo
448 1127 591 1200 excidio
613 1128 768 1204 oedibus
788 1139 902 1243 atque
919 1129 1092 1227 dampnis
1111 1129 1263 1204 Polonie

168 1227 369 1302 crudeliter
382 1227 508 1323 illotis,
524 1227 622 1302 illesi
636 1229 683 1302 ad
701 1229 851 1328 propria
870 1253 938 1327 per
950 1229 1197 1342 liudgerum,
1210 1240 1265 1302 to·

167 1339 248 1403 turn
268 1330 448 1401 mnndum
468 1351 514 1400 ex
533 1351 602 1401 sua
627 1330 847 1403 crudelitate
864 1353 970 1426 gravi
961 1329 1154 1402 horroris
1180 1354 1265 1429 per·

169 1428 350 1503 uellentes
365 1427 576 1523 formidine,
594 1428 795 1504 redierunt.
815 1429 1056 1517 Questamen
1067 1453 1139 1502 non
1150 1432 1264 1503 robur

167 1528 304 1602 virium
324 1526 440 1600 efficit
461 1529 736 1625 formidandos,
763 1553 835 1602 nec
854 1529 997 1603 robusti
1020 1529 1160 1604 brachii
1188 1530 1262 1602 ior·

167 1629 299 1724 titudo,
316 1651 449 1701 verum
464 1626 544 1700 sola
563 1639 718 1702 cruenta
739 1629 940 1704 crudelitas
959 1653 1006 1702 ao
1029 1629 1260 1704 infidelitatis

165 1752 341 1804 versucia
350 1727 598 1802 fraudulento
616 1729 699 1804 Dux
715 1730 1260 1806 ConradusCraeoviamtenet.

246 1831 351 1904 1242.
383 1830 544 1902 domnus
575 1826 738 1904 Wislaus
766 1829 970 1943 episcopua
997 1828 1376 1906 Craoovienaisrnnn.

165 1928 267 2024 obiit.
286 1952 345 2000 cur
337 1927 525 2002 domnus
544 1929 726 2003 Prandota
747 1930 924 2004 succedit
958 1930 1041 2003 Dux
1065 1932 1259 2006 Conradus

165 2027 386 2107 Cracoviam
405 2039 541 2101 tenens
560 2029 698 2102 milites
715 2053 812 2127 quoa
835 2030 907 2104 sibi
923 2029 1117 2103 adversari
1133 2033 1260 2103 crede·

166 2134 248 2225 bat
280 2127 442 2228 captivat
460 2139 499 2202 et
515 2127 735 2203 incarcerat

244 2228 574 2304 massmannus
604 2233 679 2304 dux
696 2228 796 2302 iilius
813 2227 1034 2304 Lezstkonis
1058 2251 1145 2302 oum
1164 2229 1259 2304 duce

168 2331 339 2404 Conrado
367 2352 437 2402 suo
464 2339 596 2426 patruo
622 2339 660 2402 et
687 2328 770 2403 aliis
796 2329 972 2424 ducibus,
996 2328 1057 2426 qui
1075 2337 1260 2403 venerant

166 2430 290 2505 eidem
307 2429 392 2503 duci
411 2428 506 2503 C.1n
525 2428 716 2526 auxilinm,
735 2429 924 2528 prelium
915 2456 952 2503 in
970 2428 1134 2504 Suchdol
1158 2452 1259 2501 oom-

164 2531 334 2605 minito.
360 2530 546 2603 Kalendas
573 2529 681 2626 lunii,
707 2539 744 2603 et
771 2530 840 2603 Dei
866 2529 1041 2629 potencia
1058 2528 1256 2606 dictumB.
1272 2552 1369 2603 imao.

165 2643 203 2705 et
228 2654 341 2705 suum
375 2630 579 2705 exercitum
607 2641 852 2745 protegente,
879 2630 963 2730 ipse
989 2633 1063 2704 dux
1090 2631 1129 2705 C.
1156 2629 1257 2704 dedit

163 2743 280 2845 terga
299 2754 385 2803 cum
412 2730 491 2803 suis
511 2730 734 2804 exercitibus
761 2741 973 2829 superatus.
1016 2731 1121 2803 Tune
1137 2728 1257 2827 patuit

163 2830 365 2905 manifeste
392 2840 573 2928 quantum
601 2830 798 2904 oraciones
826 2830 952 2928 populi
979 2841 1017 2903 et
1042 2829 1226 2901 clamor
1217 2852 1256 2903 tn

162 2933 280 3005 altuni
300 2930 468 3005 sublatus
489 2930 633 3027 prelato
650 2954 809 3028 principi
800 2930 867 3003 B
885 2932 932 3002 ad
953 2928 1145 3003 victoriam
1174 2952 1256 3041 pro

162 3034 325 3126 luerunt,
345 3041 551 3143 quantum·
545 3053 632 3103 vero
648 3030 731 3103 duci
746 3028 1090 3144 Conradocrndelis
1110 3027 1255 3103 exactio

162 3132 200 3205 in
221 3132 368 3245 plebem
390 3140 426 3203 et
444 3129 622 3205 iniuriosa
642 3130 890 3203 comminacic
908 3130 946 3202 in
966 3128 1167 3203 ecclesiam
1186 3128 1256 3202 Dei

161 3232 396 3332 prestiterint
413 3229 639 3304 nocumenti.

241 3334 347 3406 1244.
374 3330 510 3405 Ruteni
532 3354 601 3428 per
625 3330 796 3405 diversos
815 3329 975 3403 insultus
992 3328 1124 3403 Lublin
1144 3294 1256 3403 devo·

160 3430 499 3505 atanteteoclesias
511 3434 754 3505 succendunt.
772 3430 901 3525 Kylcia
916 3455 985 3529 per
995 3427 1132 3503 milites
1151 3426 1256 3503 ducis

161 3530 322 3606 Cunradi
341 3533 567 3605 devastatur

199 3632 347 3705 1245.
372 3630 619 3705 innocencius
639 3654 738 3729 papa
765 3631 821 3703 lV.
844 3630 1043 3704 concilium
1062 3626 1255 3725 episcopo·

158 3756 244 3805 rum
260 3740 298 3803 et
311 3754 445 3828 regum
459 3731 685 3844 Lugdunum
702 3740 897 3824 convocat
911 3730 947 3801 in
963 3752 1038 3825 quo
1052 3727 1254 3823 imperato-

157 3856 242 3905 rem
255 3831 495 3905 Fredricum
485 3831 643 3929 1mperio
655 3831 822 3905 destituit
837 3840 875 3904 et
887 3830 1048 3904 sathane
1065 3848 1254 3900 commen
1240 3854 1314 3898 ιι

160 3935 224 4006 dat
243 3934 417 4005 eundem.

238 4034 344 4107 1216.
374 4030 492 4129 Opizo
512 4032 627 4103 abbas
647 4033 693 4104 de
711 4032 867 4103 blesano
887 4028 1013 4103 domni
1032 4050 1131 4126 pape
1150 4024 1254 4100 vices

157 4154 298 4228 gerens
318 4154 417 4205 anno
437 4130 474 4203 in
493 4129 647 4203 Polonia
665 4130 807 4205 mansit
823 4154 908 4203 uno.
1036 4190 1041 4199 .
