3050 4900
401 441 618 518 lunatas
645 441 943 520 POLONORUM
971 443 994 516 l.
1202 446 1249 517 57

151 641 347 718 Wlodimir
371 642 500 716 Poloni
519 643 758 739 insecuntur⁷
786 642 848 714 alii
873 667 964 715 vero
994 640 1126 715 infiniti
1156 642 1253 715 occi-

151 748 297 817 duntur.

231 845 336 917 1266.
377 842 626 941 Svatopelous
671 844 745 915 dux
793 841 982 938 gloriosus
1027 842 1366 923 Pomeranieuan.

152 943 252 1018 obiit.
275 944 355 1015 Rex
374 944 505 1016 Daniel
526 944 640 1016 Rusie
660 943 826 1016 moritur.
851 945 994 1016 Eodem
1017 967 1115 1013 anno
1141 946 1253 1015 Pran-

152 1046 266 1117 dotha
292 1045 494 1141 episcopus
513 1043 695 1116 Cracovie
714 1043 816 1132 obiit„
836 1044 894 1115 cui
915 1045 1101 1116 successit
1115 1043 1252 1116 Paulus
1263 1066 1365 1124 separo.

151 1145 250 1218 lilius
270 1144 448 1216 [asconis.
485 1143 713 1216 'Henricus³⁹
734 1144 824 1217 obiit
843 1145 916 1214 dux
935 1143 1184 1216 Wratislavie.
1263 1163 1317 1205 vec·
1326 1159 1347 1206 ⁵·

232 1245 338 1319 1267.
366 1243 539 1316 dominus
557 1243 675 1317 Guido
695 1243 894 1316 cardinalis
926 1244 1039 1315 intrat
1060 1244 1251 1317 Poloniam

155 1354 192 1418 et
208 1343 296 1416 fecit
316 1347 500 1437 synodum
512 1345 764 1438 Wratislavie.
796 1344 939 1415 Eodem
963 1369 1061 1415 anno
1087 1346 1144 1415 sol
1167 1343 1363 1416 ooli-naua.

153 1445 403 1543 psimpassus
415 1445 521 1517 estin
537 1444 662 1542 vigilia
683 1444 919 1516 ascensionis
935 1445 1094 1516 Domini.
1114 1446 1251 1517 Sancta
1263 1471 1314 1515 un.
1326 1468 1362 1515 25.

156 1545 334 1640 Hedvigis
385 1545 637 1618 canonizatur.
664 1546 748 1617 Dux
760 1545 837 1616 Leo
852 1543 1129 1616 liliusDanielis
1149 1545 1364 1641 registro-26·

156 1645 272 1718 Rusie
293 1645 428 1718 occidit
457 1647 676 1740 Woyslaum
696 1644 815 1718 filiurn
834 1644 1010 1741 Mendogi
1029 1645 1134 1718 ducis
1153 1645 1255 1717 Lith-

155 1770 360 1818 wanorum.

236 1848 340 1919 1268,
357 1845 649 1919 sororSalornea
665 1845 805 1917 ordinis
817 1854 947 1917 sancte
959 1844 1068 1916 Clare
1079 1845 1256 1941 migravit

156 1945 429 2018 adDominum.
469 1946 509 2017 ln
543 1971 616 2042 qua
642 1946 811 2017 mirabile
832 1947 916 2041 quid
937 1946 1090 2038 accidit,
1126 1946 1252 2043 quial

156 2046 287 2118 diebus
315 2045 427 2118 iacuit
453 2044 490 2116 in
516 2047 629 2117 choro
653 2046 1054 2140 sororum'inhumata,
1077 2046 1114 2116 in
1131 2046 1255 2142 lapide

157 2157 288 2218 sancte
307 2146 436 2242 Marie,
453 2155 490 2216 et
510 2147 653 2217 nullum
675 2146 893 2240 horrorem,
922 2145 1065 2216 nullum
1093 2146 1254 2217 fetorem

158 2247 349 2319 sororibus
384 2250 598 2343 prestabat,
631 2250 698 2319 sed
734 2245 914 2319 solacium
950 2255 987 2317 et
1019 2246 1254 2318 suavitatem.

157 2348 246 2420 Post
271 2347 502 2444 sepulturam
528 2357 655 2418 autem
675 2347 789 2418 iacuit
806 2345 843 2416 in
863 2356 962 2418 terra
983 2371 1003 2416 a
1024 2349 1056 2418 4.
1078 2348 1164 2419 ldus
1184 2348 1255 2418 No·

156 2448 319 2522 vemhris
355 2472 474 2545 usque
507 2451 551 2520 ad
582 2447 735 2520 ll.Kal.
758 2446 862 2542 lunii7
896 2459 933 2518 et
965 2458 1090 2519 tamen
1130 2450 1255 2520 nullus

157 2550 255 2621 fetor
274 2548 409 2644 exibat,
431 2551 579 2646 quando
599 2549 804 2620 ducebatur
822 2548 858 2618 in
879 2548 1097 2620 Cracoviarn
1122 2552 1166 2620 ad
1197 2574 1255 2621 se-

157 2651 368 2747 pulturam,
395 2648 483 2721 licet
505 2649 619 2722 archa
654 2648 692 2720 in
729 2673 803 2746 qua
835 2648 904 2719 fuit
936 2648 1085 2721 condita
1121 2650 1256 2722 fuisset

159 2760 300 2848 aperta.
333 2750 497 2823 Thomas
518 2749 719 2847 episcopus
731 2748 971 2821 Wratislavie
987 2748 1084 2819 obiit.
1111 2751 1253 2821 Eodem
1267 2770 1319 2813 nai·
1332 2768 1367 2815 30-

160 2876 258 2923 anno
291 2850 326 2921 in
359 2849 600 2924 Cracoviensi
633 2849 785 2943 dyocesi
817 2859 971 2945 propter
997 2847 1255 2922 infidelitatem

160 2951 353 3024 cuiusdam
371 2948 536 3023 mulieris
553 2942 689 3047 corpus
709 2948 847 3024 Christi
866 2950 934 3019 fuit
949 2973 1100 3020 versum
1120 2950 1157 3020 in
1178 2975 1256 3022 car-

159 3076 246 3123 nem
265 3052 472 3147 visibilem,
492 3052 589 3147 quod
611 3074 696 3121 curn
722 3065 861 3145 magna
888 3050 1069 3121 violencia
1094 3051 1258 3148 sumpsit

160 3152 311 3247 mulier,
337 3153 475 3225 timens
504 3150 760 3246 prodicionem
789 3160 826 3221 et
849 3150 1174 3248 pupplicacionem
1198 3152 1256 3223 sui

159 3253 334 3325 criminis.

237 3356 345 3427 1269.
373 3356 445 3425 dux
479 3352 593 3447 uela,
628 3350 726 3423 filius
761 3350 864 3447 regis
897 3351 1061 3447 Ungarie
1103 3351 1255 3423 nomine

159 3454 265 3544 Belo,
293 3452 381 3524 obiit
407 3463 444 3524 et
463 3453 633 3550 sepultus
653 3452 690 3522 in
710 3451 899 3547 Stirgonii.

239 3555 344 3626 1270.
376 3553 413 3624 in
444 3554 546 3626 Kalis
573 3554 669 3624 infra
696 3563 870 3624 octavam
895 3551 1097 3624 nativitatis
1118 3552 1256 3627 Christi

160 3662 270 3725 natus
300 3661 358 3723 est
384 3652 521 3724 vitulus
547 3654 691 3727 habens
719 3656 791 3724 duo
818 3652 937 3751 capita
963 3662 1000 3724 et
1019 3664 1167 3748 septem
1192 3678 1256 3750 pe-

160 3756 248 3849 'des3
272 3762 379 3825 erant
393 3762 519 3825 autern
537 3754 657 3851 capita
673 3753 735 3825 illa
754 3753 888 3825 canina
912 3764 949 3826 et
964 3755 1096 3826 dentes
1116 3752 1257 3848 canini3

160 3866 241 3928 erat
268 3865 394 3926 autem
424 3877 539 3925 unum
568 3864 680 3949 caput
697 3855 734 3926 in
754 3855 837 3927 loco
862 3854 998 3948 debito,
1018 3865 1055 3926 et
1079 3856 1151 3927 hoc
1178 3865 1259 3926 erat

159 3957 302 4053 maius,
330 3955 428 4026 aliud
458 3964 539 4026 erat
562 3954 709 4048 mium,
737 3957 849 4027 situm
880 3959 923 4028 ad
961 3959 1139 4050 caudam,
1174 3956 1257 4053 ipse

161 4068 287 4129 autem
306 4056 443 4129 vitulus
460 4065 541 4127 erat
554 4055 699 4126 hahens
715 4056 854 4152 pellem
871 4057 1062 4129 vitulinam
1084 4067 1120 4127 et
1138 4060 1255 4152 pedes

23 4210 28 4218 .
160 4158 358 4254 vitulinas,
394 4155 499 4230 cuius
529 4158 689 4230 cadaver
714 4180 785 4227 neo
805 4180 919 4228 canes
939 4181 1010 4228 neo
1030 4158 1130 4253 porci
1159 4157 1256 4228 vole-

161 4260 475 4332 bantcomedere.
570 4259 711 4330 Eodem
744 4282 842 4329 anno
879 4260 935 4329 13.
962 4258 1040 4331 Kal.
1068 4257 1315 4330 Februariilan.
1332 4277 1368 4325 20.
