3050 4900
357 449 542 528 CONTlN.
568 449 736 528 ANNAL
759 448 1069 528 POLONORUM.
1211 453 1260 530 83

162 653 232 728 bus
252 649 324 724 illis
343 655 563 726 ostendens.
617 651 884 750 Quapropter
874 663 1067 749 mspector
1091 652 1260 728 omnium

161 763 315 826 actuum
338 753 440 826 Deus
460 764 606 825 tantum
625 756 801 843 decorem
822 777 891 826 suo
917 752 1064 850 corpori
1082 753 1119 826 in
1138 766 1260 829 morte

164 852 332 949 contulit
360 863 400 924 ut
422 852 595 950 quamvis
622 839 753 926 diebus
783 852 949 967 pluribus
977 877 1047 926 sua
1066 855 1261 952 sepultura

161 952 274 1026 fuerit
292 977 358 1050 pro
362 953 489 1048 relata,
509 977 664 1051 semper
682 952 841 1026 firmus
832 978 868 1025 ιιι
887 977 956 1026 suo
976 956 1112 1027 decore
1135 955 1259 1052 placa·

163 1054 224 1128 bili
239 1077 307 1126 seu
323 1053 507 1126 amicabili
524 1057 569 1127 ad
584 1078 763 1150 magnam
781 1053 950 1126 omnium
965 1054 1260 1128 admiracionem

164 1165 203 1228 et
221 1164 416 1250 stuperem
436 1154 657 1250 permansit.

237 1253 447 1328 Kazirnirus
474 1254 587 1350 igitur
613 1252 711 1326 filius
741 1277 834 1327 suus
863 1263 1043 1352 suscepte
1067 1277 1188 1368 regno
1211 1258 1257 1329 ad

45 1395 51 1408 ·
91 1419 100 1434 ,
161 1353 380 1426 instinctum
401 1364 439 1426 et
457 1364 678 1452 preceptum
696 1353 799 1448 regis
821 1354 1000 1451 Unguis,
1027 1355 1180 1451 generis
1200 1355 1258 1428 sui

161 1453 311 1551 Karon,
340 1454 568 1526 acceleravit
592 1454 776 1527 coronari.
828 1455 935 1527 Unde
963 1478 1032 1552 per
1063 1455 1256 1528 dominum

161 1553 385 1628 lanisslaum
404 1554 760 1652 archiepiscopum
751 1579 789 1625 ιιι
804 1555 863 1627 die
878 1553 993 1626 Marci
1012 1555 1256 1651 ewangeliste
1266 1549 1359 1677 333325

161 1652 199 1725 in
220 1653 399 1728 Cracovia
429 1679 513 1726 curn
530 1679 671 1751 magna
702 1655 983 1752 sollempnitate
1009 1654 1079 1727 fuit
1102 1677 1257 1728 corona·
1360 1657 1367 1671 '

160 1765 234 1828 tus.
287 1754 497 1828 Coronatus
512 1766 639 1828 autern
655 1755 782 1827 statim
797 1754 836 1827 in
851 1753 1073 1828 maleficos
1063 1766 1256 1829 intantum

160 1855 308 1928 desevit
332 1865 372 1928 ut
399 1855 435 1927 in
461 1855 608 1928 modico
634 1865 806 1953 ternpore
831 1855 969 1927 multos
998 1878 1130 1928 eorum
1157 1856 1257 1930 dele·

159 1955 225 2048 vit
252 1957 346 2028 dans
366 1965 509 2027 metum
529 1954 711 2052 pluribus,
738 1965 778 2026 ut
796 1979 839 2028 se
865 1980 887 2027 a
914 1954 1022 2027 furtis
1049 1965 1086 2028 et
1108 1956 1257 2028 latroci-

159 2055 231 2128 niis
258 2055 486 2128 cohiberent.
538 2056 643 2127 Unde
662 2055 803 2128 tactum
823 2065 882 2127 est
907 2057 1004 2152 quod
1029 2075 1164 2129 omnes
1193 2055 1256 2154 qui
1304 2094 1306 2098 ν

158 2179 250 2227 vero
269 2154 376 2228 furtis
404 2164 443 2226 et
428 2154 672 2228 tlatrociniis
703 2153 960 2228 inserviebant
985 2165 1050 2227 aut
1073 2154 1256 2230 interces-

159 2255 266 2328 sione
285 2260 468 2329 baronum
487 2256 534 2328 ad
553 2265 729 2328 mansuet
715 2254 882 2328 tudinem
910 2265 998 2332 sunt
1021 2255 1166 2328 reducti
1192 2265 1259 2328 aut

157 2366 342 2455 perpetuo
362 2355 471 2429 exilio
491 2355 692 2428 fuerunt
662 2379 744 2429 srne
764 2379 870 2429 mora
884 2359 930 2428 ad
950 2366 1113 2429 mortem
1126 2360 1256 2455 damp-

157 2458 245 2529 nati.

236 2560 342 2636 1339.
378 2555 469 2629 obiit
497 2558 605 2630 Anna
636 2556 711 2630 filia
744 2556 931 2631 Gedimini
966 2556 1071 2631 ducis
1097 2557 1256 2631 Lithwa·

156 2654 305 2753 nurum3
325 2681 482 2731 consors
501 2656 641 2731 domini
654 2657 830 2731 Kazimiri
855 2658 958 2755 regis
985 2658 1138 2731 Polonie
1155 2659 1254 2731 Wla·

157 2758 345 2852 dyslaides
356 2758 441 2831 dicti
459 2757 705 2831 Loketkonis.
724 2761 757 2831 4
767 2758 848 2832 Kal
866 2758 970 2831 lunii.
1011 2760 1091 2831 Hec
1106 2768 1252 2831 tanturn

158 2857 307 2931 solaciis
331 2857 480 2931 choreis
504 2868 541 2931 et
560 2858 684 2931 leticie
702 2858 829 2930 dedita
846 2858 927 2953 fuit
955 2867 996 2929 ut
1013 2882 1252 2957 quocumque

156 2982 195 3030 ιιι
214 2981 311 3055 equo
331 2982 413 3032 slve
432 2982 541 3030 curru
560 2958 655 3050 ibat
690 2980 845 3055 semper
878 2912 966 3029 arite
1003 2958 1128 3071 ipsam
1165 2981 1253 3031 cum

157 3058 347 3131 sambucis
363 3069 402 3132 et
415 3059 604 3154 tympanis
616 3068 654 3130 et
664 3054 760 3131 fialrs
781 3068 818 3129 et
829 3057 1026 3149 cantilenis
1041 3068 1079 3132 et
1092 3058 1251 3132 diversis

155 3157 328 3231 melodiis
362 3158 467 3232 ibant
497 3168 693 3252 canentes,
721 3156 814 3231 satis
849 3158 1088 3231 multorum
1078 3184 1115 3230 m
1144 3183 1252 3232 scan-

154 3259 293 3332 dalum.
339 3259 408 3332 Hic
427 3259 602 3356 estquod
628 3258 720 3332 satis
740 3261 921 3355 portende
941 3268 980 3331 et
1001 3258 1250 3332 terribilitate

156 3382 203 3430 ex
226 3357 298 3431 hac
323 3360 399 3432 vita
429 3358 612 3453 decessit,
654 3369 784 3431 tamen
812 3359 959 3432 occulte
983 3359 1184 3457 religiosos
1213 3369 1252 3433 et

155 3481 343 3555 pauperes
363 3459 522 3531 multum
542 3462 798 3556 supportabat.

229 3557 337 3629 Anno
348 3558 496 3630 Domini
512 3561 619 3633 1340.
630 3556 935 3633 Bolezlauslilius
946 3556 1132 3652 Troydeni
1144 3557 1249 3632 ducis

154 3657 335 3752 lllazovie7
359 3656 536 3755 princeps
554 3659 815 3731 Ruthenorum
840 3659 959 3732 esuis
984 3657 1249 3755 inpocinnatus

154 3756 253 3831 circa
287 3758 425 3830 testum
452 3758 760 3833 annunciacionis
793 3763 904 3832 beate
943 3756 1073 3854 Marte,
1106 3781 1151 3831 ex
1176 3759 1250 3832 hac

153 3856 229 3930 vita
249 3856 435 3955 migravit.
484 3857 552 3931 Hic
571 3858 703 3933 dicitur
728 3858 808 3933 suis
843 3859 1001 3931 multum
1028 3858 1147 3931 fuisse
1173 3859 1249 3934 vio

151 3958 320 4056 lentus,
310 3982 416 4059 ipsos
436 3958 591 4055 capiens
607 3960 835 4073 etpecunias
847 3959 913 4033 ab
904 3984 995 4057 ipsis
1006 3968 1248 4057 extorquens,

151 4056 247 4133 filias
279 4084 412 4133 eorum
441 4070 479 4131 et
504 4082 640 4133 uxores
668 4058 821 4173 rapiens
840 4071 879 4133 et
909 4062 1064 4133 easdem
1084 4061 1250 4134 dehone-

152 4168 271 4255 stans⁷
286 4185 357 4234 nec
372 4185 447 4235 non
463 4159 556 4233 alias
572 4168 722 4258 genteS,
737 4160 1033 4238 sicutssohcmos
1048 4173 1085 4234 et
1097 4162 1249 4235 Alman-

152 4281 222 4331 nos
241 4282 357 4354 super
374 4260 479 4359 ipsos
499 4262 692 4335 inducens,
744 4262 851 4335 Unde
868 4262 1014 4435 videppr
1032 4265 1129 4360 quud
1149 4286 1248 4335 cour·
