3050 4900
415 409 630 486 ANNALES
657 406 952 486 POLONORUM
978 410 1002 483 1.
1207 411 1256 483 69

160 609 335 683 Primislii
364 611 516 684 maioris
549 611 715 708 Polonie,
750 610 826 683 filia
857 610 1010 704 Nicolay
1042 608 1256 705 Kassubite,

34 753 36 810 ρ
159 711 312 782 nomine
330 711 509 784 Lucardis
531 712 639 807 dicta,
665 722 828 784 mortem
851 735 942 783 vero
962 711 1044 783 eius
1063 734 1176 783 uerno
1192 733 1257 808 po·

33 821 35 906 3³
159 811 227 883 tuit
245 811 439 909 indagare,
458 812 617 909 qualiter
641 811 790 885 interiit.
858 811 999 884 Eodem
1023 835 1121 882 anno
1140 810 1178 882 in
1204 811 1256 882 vi·

33 913 35 930 ”
156 911 246 1008 gilia
278 911 403 1008 vigilie
431 913 549 984 sancti
579 913 723 984 Tharne
756 912 936 1008 apostoli,
964 910 1150 983 dominico
1183 910 1366 1007 diemaro.
1409 947 1415 956 =

156 1011 332 1084 dominus
358 1013 516 1085 lacobus
542 1013 661 1085 dictus
689 1012 854 1107 Swinlra,
882 1011 918 1084 in
945 1011 1048 1084 Kalis
1080 1012 1116 1083 in
1143 1012 1255 1083 domo

154 1113 315 1184 fratrum
349 1116 528 1184 sacerdos
561 1113 597 1183 in
633 1116 808 1208 sabbato,
840 1121 878 1183 et
908 1111 1093 1185 dominico
1125 1111 1184 1184 die
1216 1111 1254 1183 in

155 1211 485 1310 archiepiscopum
507 1213 742 1286 Gneznensis
763 1212 925 1285 ecclesie
942 1222 1194 1285 consecratur.
1214 1212 1254 1283 ln

157 1315 292 1384 eadem
308 1323 434 1385 autem
445 1313 730 1385 consecratione
742 1313 906 1410 quinque
916 1313 1083 1410 episcopi
1093 1313 1254 1384 luerunt.

155 1414 240 1485 Dux
266 1412 385 1485 eciam
408 1413 619 1486 Primislius
653 1413 820 1507 nomine,
856 1411 954 1485 filius
981 1412 1168 1506 Primislii,
1196 1436 1254 1486 se-

154 1512 261 1611 pulta
281 1537 397 1586 uxore
417 1523 577 1610 quatuor
596 1513 725 1586 diebus
745 1523 832 1585 ante
852 1512 888 1584 in
909 1513 1077 1608 Gnezna,
1098 1523 1251 1610 quanto-

156 1615 237 1685 cius
257 1617 301 1685 ad
317 1612 523 1711 predictam
543 1613 877 1686 consecracionem
898 1637 982 1685 curn
1002 1637 1141 1710 magna
1161 1614 1254 1685 mul-

153 1713 312 1786 titudine
348 1715 517 1810 advenit,
553 1725 591 1787 et
623 1714 745 1787 eidem
780 1714 931 1786 domino
967 1714 1252 1812 archiepiscopo

154 1814 310 1886 anulum
330 1814 461 1887 obtulit
478 1814 705 1911 preciosum.
907 1893 909 1898 ,

229 1916 337 1985 Anno
374 1913 524 1986 Domini
559 1917 668 2009 1284,
709 1917 766 1987 14.
799 1914 879 1986 Kal.
911 1913 1048 2011 Aprilis
1076 1914 1361 1987 dominusnaau

153 2013 332 2108 Wyslaus
359 2014 574 2112 prepositus
599 2013 794 2087 Plocensis
821 2014 972 2088 domino
997 2014 1149 2087 Alberto
1174 2014 1251 2111 epi-

154 2137 271 2212 scopo
292 2115 517 2208 Cuyaviensi
536 2115 572 2186 in
593 2114 852 2212 episcopatum
872 2114 1071 2208 successit,
1091 2125 1129 2186 et
1146 2139 1169 2186 a
1189 2117 1251 2187 do-

152 2212 255 2287 mino
282 2215 415 2288 lacobo
441 2215 537 2287 dicto
557 2215 708 2288 Swinka
728 2214 1014 2312 archiepiscopo
1034 2215 1251 2288 Gneznensi

152 2315 190 2385 in
227 2315 389 2388 claustro
425 2315 635 2388 Strelnensi
671 2315 708 2387 in
745 2315 968 2413 episcopum
995 2325 1251 2387 consecratur.

152 2416 295 2488 Eodem
316 2440 414 2489 anno
433 2415 526 2489 arsit
551 2416 681 2489 civitas
700 2416 923 2490 Kalisiensis
942 2416 980 2488 in
999 2415 1126 2514 vigilia
1152 2417 1250 2491 beati
1262 2425 1359 2481 Seu-28-

151 2516 360 2590 Michaelis.
427 2519 535 2589 Anno
570 2520 703 2591 eodem
737 2542 759 2589 a
793 2518 1075 2611 Sandowoyone
1107 2518 1251 2614 capitur

153 2626 321 2695 castrum
354 2617 587 2714 Kalisiense,
622 2616 766 2691 scilicet
797 2616 872 2690 filio
898 2618 1102 2715 Yanconis,
1136 2617 1249 2690 filiolo

151 2717 414 2813 Archanbaldi,
435 2722 533 2816 quod
552 2717 700 2791 tradidit
719 2718 804 2790 duci
821 2719 1135 2815 wratislaviensi,
1161 2720 1250 2790 llin-

151 2816 229 2889 rico
254 2818 313 2914 lv,
327 2820 373 2889 ad
389 2821 486 2915 quod
502 2818 767 2915 requirendum
783 2821 856 2889 dux
873 2818 1080 2890 Primislius
1097 2818 1248 2891 maioris

152 2917 307 2990 Polonie
339 2942 423 2990 cum
455 2943 593 3014 magna
622 2918 857 2989 multitudine
890 2917 1050 2989 militum
1085 2918 1248 3014 advenit,
1336 3012 1338 3016 Ι
1501 3007 1502 3012 ¹

151 3021 219 3091 sed
246 3018 378 3090 fraude
407 3018 565 3091 militum
594 3042 748 3090 suorum
778 3016 987 3115 mediante,
1022 3019 1119 3090 circa
1147 3019 1247 3091 idem
1366 3029 1370 3035 '
1501 3015 1502 3036 i

151 3129 317 3190 castrum
344 3119 622 3215 pugnantibus,
656 3118 801 3191 nobiles
829 3118 968 3192 milites
997 3118 1177 3216 perdidit,
1211 3120 1248 3192 in

150 3218 223 3291 hoc
249 3244 325 3291 non
344 3220 495 3291 suffecit
514 3219 602 3318 quin
630 3229 667 3291 et
690 3229 830 3291 terram
853 3220 1028 3316 predictis
1047 3220 1248 3293 baronibus

149 3319 324 3392 videlicet
357 3320 595 3393 traditoribus
632 3319 914 3393 consulentibus
945 3321 1027 3392 duci
1055 3322 1248 3393 Wratisla-

152 3420 272 3492 viensi
299 3444 420 3517 usque
452 3422 487 3491 in
524 3419 692 3494 Oloboch
719 3421 868 3492 tradidit
893 3421 1183 3517 possidendam,
1211 3433 1249 3493 et

151 3530 317 3592 castrum
337 3520 374 3590 in
395 3521 539 3593 eisdem
559 3520 730 3593 terminis
750 3520 936 3593 edificavit
949 3546 1017 3617 pro
1038 3531 1160 3593 castro
1176 3522 1247 3592 Ka·

150 3620 292 3694 lesensi
329 3620 398 3693 sibi
427 3622 567 3694 reddito
597 3647 618 3693 a
645 3622 795 3693 Hinrico
822 3624 916 3693 duce
935 3620 1246 3693 Wratislaviensi.

149 3723 290 3794 Eodem
318 3745 416 3792 anno
444 3723 614 3794 Tartbari
641 3732 783 3794 terram
810 3722 987 3817 Ungarie,
1015 3745 1088 3817 que
1115 3721 1248 3792 dicitur

148 3824 194 3894 de
213 3822 521 3919 Septemoastris,
548 3822 781 3895 intraverunt
805 3832 843 3894 et
862 3821 1000 3893 multos
1020 3821 1244 3894 christianos

148 3922 433 4019 captivaverunt
468 3932 505 3996 et
532 3922 759 3995 occiderunt.
809 3922 979 3995 Christus
999 3932 1127 3993 antem
1146 3932 1246 3994 tutor

147 4022 452 4121 christianorum,
463 4047 642 4118 magnam
652 4023 795 4094 famem
807 4022 844 4093 in
856 4046 921 4094 eos
935 4032 971 4095 et
982 4022 1243 4119 pestilenciam

146 4122 307 4220 inmisit,
335 4126 431 4221 quod
462 4124 658 4196 audientes
687 4124 1063 4221 Septemoastrenses
1086 4125 1164 4196 Deo
1193 4124 1242 4195 vi·

147 4223 1243 4323 ctoriamcommiserunt,‹licentes:Meliusestpludiopertre
