3050 4900
289 473 336 544 36
388 469 602 543 ANNALES
628 469 982 546 Cuacovruusus
1008 470 1273 545 commeari.

287 669 464 742 Stanislai
490 669 664 766 presidim
692 669 938 768 quadraginta
963 671 1077 767 milia,
1096 682 1198 744 certo
1221 695 1380 744 numero

287 780 375 841 sunt
389 770 605 867 computati,
622 771 830 843 etdevictia
844 769 1195 866 paucishominihus
1206 772 1380 844 videlicet

286 895 308 941 a
333 869 537 943 Cracovitis
566 881 603 942 et
627 870 776 942 Polouis
804 894 974 942 necnon
1001 871 1280 967 Sandomiritis,
1316 874 1378 969 qui

287 969 407 1042 eciam
441 995 509 1067 per
540 970 770 1068 opitulamen
806 972 904 1044 beati
930 971 1118 1045 Adalberti
1147 983 1235 1043 sunt
1263 973 1377 1044 adiuti

286 1081 322 1142 et
342 1094 388 1142 ex
416 1094 547 1142 eorum
574 1071 760 1168 primitiva
779 1071 934 1143 audacia
960 1096 1034 1167 qua
1058 1071 1138 1143 fulti
1162 1073 1313 1143 fuerunt
1340 1085 1378 1149 et

284 1171 400 1243 functi
416 1195 533 1267 usque
558 1174 603 1242 ad
626 1170 741 1242 filium
758 1196 869 1244 suum
891 1172 1029 1244 dietum
1043 1173 1191 1268 [regem
1218 1158 1379 1244 Kazimiss

284 1295 368 1343 rum
379 1271 502 1368 quia
529 1281 616 1369 post
643 1295 726 1342 mur
727 1281 803 1344 tem
830 1277 946 1369 patris
975 1273 1032 1345 sui
1061 1282 1261 1344 coronatus
1290 1297 1375 1344 cum

283 1325 420 1444 decoie
440 1371 523 1466 suo]
550 1373 606 1464 (et
623 1370 743 1444 infinit
729 1383 789 1444 tos
809 1372 1005 1445 nobiles
971 1397 1072 1446 viros
1100 1376 1145 1445 de
1164 1372 1276 1445 nobili
1302 1383 1377 1446 ste-

285 1473 413 1544 mathe
433 1470 663 1570 captivavit.)

383 1689 600 1763 ANNALus
626 1688 979 1764 CRACOVIENSES
1007 1689 1273 1764 COMPILATI.

201 1878 265 1932 955.
356 1863 463 1934 Anno
484 1859 634 1933 Domini
657 1864 741 1936 966.
768 1864 841 1933 dux
859 1861 992 1935 Mesko
1013 1863 1114 1934 duxit
1133 1863 1373 1936 Dubrovkam

200 1975 263 2032 966.
283 1971 321 2035 et
339 1962 556 2059 baptizatur.
588 1960 663 2034 Iste
679 1961 812 2034 Mesko
832 1965 854 2033 7
874 1962 982 2036 aunis
995 1962 1194 2035 cecusfuit.
1230 1965 1374 2036 Ettunc

280 2062 409 2136 Poloui
427 2061 670 2159 baptizantur.

355 2165 439 2238 967.
471 2163 667 2235 Boleslaus
695 2164 855 2258 Magnus
881 2163 1071 2235 Bohemos
1097 2163 1310 2260 subiugavit
1335 2174 1373 2235 et

279 2264 451 2359 Ungaros
464 2273 502 2335 et
513 2262 697 2358 Saxones²
713 2273 750 2334 et
768 2264 806 2333 in
819 2260 1119 2336 flumineSolava
1134 2275 1233 2335 meta
1248 2264 1371 2335 ferrea

279 2361 375 2436 fines
403 2362 555 2436 Polonie
582 2363 807 2435 terminavit.
842 2363 917 2435 iste
937 2373 1110 2435 sanetum
1128 2364 1371 2436 Adalbevtum
1508 2387 1511 2413 ¹

281 2466 449 2562 suscepit
468 2475 506 2536 et
523 2464 560 2535 in
580 2464 758 2537 Guezdua
779 2465 984 2537 collocavit.

355 2566 439 2639 982.
483 2574 636 2637 sanctus
670 2566 894 2638 Adalhertus
929 2575 1173 2638 cousecratur
1207 2563 1245 2635 iu
1271 2564 1369 2661 epis-

280 2689 415 2761 copum
433 2664 676 2760 Pragensem.
779 2666 920 2737 Eodem
940 2689 1037 2737 anuo
1064 2665 1280 2763 Stephanus
1303 2689 1369 2736 rex

277 2766 515 2861 ngarorum
547 2764 649 2837 misit
677 2763 855 2837 Affrieum
883 2766 1103 2863 episcopum
1131 2764 1289 2837 Romam
1321 2768 1368 2837 ad

276 2890 414 2963 papam
434 2865 658 2937 Silvestrum
672 2889 739 2962 pro
760 2889 898 2937 corona
916 2869 1087 2963 peteuda.
1119 2867 1260 2937 Eodem
1275 2875 1369 2937 tem-

275 2990 367 3062 pore
386 2969 459 3037 dux
477 2965 703 3038 Pulonorum
717 2966 944 3062 premiserat
962 2965 1203 3037 Lambertum
1225 2964 1368 3063 episco-

274 3090 366 3163 pum
381 3076 720 3162 coronampetere⁷
740 3070 807 3138 sed
827 3091 923 3164 papa
943 3066 1106 3138 monitus
1129 3065 1302 3161 angelica
1317 3065 1369 3136 vi·

275 3164 382 3237 sione
402 3189 593 3261 coronam⁷
612 3189 724 3262 quam
744 3176 1013 3264 preparaverat
1025 3165 1211 3260 Meskoni‚
1230 3165 1366 3237 nuncio

274 3265 397 3338 Africo
417 3265 518 3362 regis
537 3265 700 3361 Ungarie
720 3266 832 3339 dedit.

353 3369 459 3440 1002.
479 3375 651 3437 sanctum
665 3367 906 3439 Adalhertum
923 3367 1016 3440 Octo
1033 3364 1150 3436 Rufus
1165 3363 1223 3436 111.
1238 3362 1365 3436 visita-

272 3465 323 3539 vit
343 3476 380 3537 et
393 3465 609 3539 Boleslaum
628 3465 743 3538 nimio
763 3466 948 3539 desiderio
959 3466 1057 3539 vidit.
1084 3464 1364 3539 lstessoleslaus

273 3590 293 3637 a
315 3566 479 3663 predicto
503 3566 729 3664 imperatore
751 3568 789 3639 iu
813 3591 945 3663 regem
967 3566 1189 3639 sublimatus
1209 3565 1364 3636 inditam

272 3666 342 3741 sibi
371 3667 634 3740 liberalitatem
660 3667 836 3740 exercuit.
881 3666 956 3740 Iste
986 3666 1139 3738 viriliter
1164 3665 1202 3737 iu
1227 3666 1366 3759 Kyyow
1504 3737 1506 3762 ‚

272 3766 439 3841 venite
463 3767 662 3865 evaginato
690 3767 814 3865 gladio
848 3766 885 3839 iu
910 3777 1058 3865 portam
1093 3765 1248 3839 auream
1281 3789 1365 3863 per·

272 3867 398 3941 cussit.

220 3976 223 3981 '
348 3971 453 4041 1018.
484 3965 681 4041 Boleslaus
712 3966 856 4065 primus
885 3966 1079 4065 superavit
1096 3965 1301 4038 Ruthenos

348 4068 453 4141 1025.
484 4067 681 4143 Boleslaus
708 4068 869 4165 Magnus
898 4068 1006 4164 obiit
1034 4066 1093 4138 cui
1116 4063 1362 4139 Meskofitius

268 4166 349 4239 eius
369 4156 555 4241 suecessit
577 4170 615 4242 in
642 4194 775 4266 regno,
801 4169 859 4241 eui
881 4168 1015 4241 iterum
1035 4165 1243 4239 Kazimirus
1262 4164 1361 4237 filius

268 4265 350 4341 eius
369 4269 567 4343 successit.
