3050 4900
288 353 342 426 ⁴28
426 351 641 426 ANNALES
669 351 884 426 CAPlTllLl
909 351 1259 429 cuncovlnnsts.

292 575 449 666 parcere
465 575 536 626 nec
550 550 652 646 etati,
667 575 739 650 que
754 576 826 626 neo
840 576 952 652 prece
968 577 1039 627 nec
1052 552 1179 652 precio
1200 554 1384 629 valetncc

279 693 282 698 ·
290 653 452 726 servicio
479 656 525 727 ad
554 651 848 727 misericordiam
874 653 1066 750 inclinari
1091 654 1266 728 homiues
1299 655 1383 729 neci

288 755 443 849 addunt
461 752 676 826 sanctuaria
692 752 869 826 Domini
859 778 950 852 igne
966 765 1147 839 cremant
1172 765 1291 828 totam
1309 765 1383 828 ter·

289 877 373 926 ram
388 854 669 952 depopulantur.
695 854 871 927 Castrum
888 854 1123 934 Sandomirie
1142 855 1265 953 magis
1283 855 1383 928 calli·

287 954 405 1027 ditate
424 954 497 1027 doli
515 977 629 1052 quam
647 953 829 1028 robore
793 953 928 1027 uarium
944 955 1106 1067 capiunt
1122 955 1161 1028 in
1180 980 1253 1053 quc
1271 955 1383 1055 pluri·

289 1054 364 1128 mis
383 1055 532 1168 occisis„
549 1077 692 1168 paucos
711 1053 883 1128 residuos
907 1057 1140 1155 captivantes
1162 1056 1381 1132 Gracc-riam

286 1164 378 1228 sunt
395 1154 572 1252 ingressi,
590 1154 651 1228 ubi
670 1154 844 1228 homines
863 1155 1282 1270 plurimosoccidernnt,
1301 1157 1383 1254 plu·

289 1255 405 1327 rimos
421 1256 542 1328 eciam
558 1253 726 1353 captiuos
747 1279 879 1329 secum
898 1279 984 1328 curn
1010 1259 1125 1354 preda
1144 1257 1307 1330 maxima
1331 1259 1380 1330 od

288 1355 437 1470 propria
456 1365 671 1429 remeantes
698 1355 796 1428 illesi
820 1358 1063 1430 abduxerunt.
1103 1357 1149 1430 Et
1170 1357 1222 1430 hii
1236 1357 1381 1431 Sando-

288 1454 396 1528 mirie
416 1455 851 1554 ctCraoovieprovinciis
868 1458 983 1530 cedes
998 1459 1161 1555 dampna
1180 1468 1218 1530 ct
1234 1456 1379 1531 excidia

285 1555 462 1653 graviora
480 1555 665 1668 pn'pribos
686 1556 878 1630 Thartaris
901 1555 1125 1632 indixerunt

365 1657 472 1731 1260.
491 1655 824 1752 quidamlromines
841 1656 1016 1729 turbatim
1028 1655 1240 1754 glomerata
1257 1679 1378 1755 usque

282 1755 555 1830 adnmbilicum
566 1756 838 1854 corporenud1‚
853 1756 1288 1856 agentespenitenciam‚
1304 1781 1379 1855 que

287 1857 407 1930 fertur
435 1855 580 1929 Perosii
612 1855 806 1956 recepisse
835 1857 1049 1953 exordium,
1081 1881 1196 1955 quam
1221 1857 1376 1951 laycalis

285 1955 1005 2030 turbnTheutonicasuitferventissime
1021 1959 1247 2056 amplexata,
1264 1957 1379 2031 velati

282 2057 403 2131 oculis
423 2080 494 2131 sua
516 2059 614 2130 nuda
637 2060 749 2132 dorsa
777 2056 1015 2171 flogellpntes
1038 2055 1199 2155 flagellis
1218 2057 1377 2155 singulis

282 2157 514 2257 quadruplici
541 2156 699 2256 corrigia
718 2157 939 2231 connodatis
956 2159 1176 2232 Cracoriam
1193 2157 1377 2232 intrantes

284 2257 366 2356 ipsa
385 2258 598 2356 penitencia
614 2269 769 2356 peracta
787 2259 835 2330 ad
855 2257 1037 2331 ecclesias
1049 2310 1198 2333 ......
1224 2261 1271 2332 de
1288 2257 1379 2332 ciui-

282 2368 360 2431 tate
390 2356 511 2431 subito
537 2368 624 2430 sunt
654 2358 812 2455 egressi·
853 2359 899 2431 Et
922 2357 974 2430 lrii
999 2358 1086 2457 quia
1114 2359 1377 2433 auctoritatem

283 2458 446 2532 ecclesie
465 2482 538 2556 qne
557 2460 660 2577 ipsos
672 2482 914 2573 nequaquam
930 2461 1088 2533 decebat
1105 2470 1251 2534 temere
1268 2484 1377 2534 usur·

282 2559 470 2657 pabants
461 2584 498 2631 m
517 2559 635 2657 ipsius
655 2559 816 2633 ecclesie
832 2558 1080 2656 preiudicium
1100 2570 1138 2633 ct
1167 2583 1376 2658 gravamen

279 2660 356 2733 ab
345 2682 428 2758 ipsa
448 2660 611 2734 ecclesia
629 2670 717 2733 snnt
730 2659 864 2733 deiecti
879 2670 917 2732 et
932 2669 1114 2757 tanquam
1130 2662 1379 2775 pseudopcni·

281 2771 408 2835 tentes
426 2784 496 2834 suo
516 2784 643 2834 errore
663 2759 813 2857 cognito
830 2782 906 2832 non
926 2760 1021 2833 oltra
1041 2760 1241 2876 coniuncti,
1259 2762 1375 2837 immo

280 2872 371 2936 sunt
396 2862 476 2935 ab
467 2862 629 2935 invicem
654 2858 831 2958 separati
873 2860 1089 2935 Pcnitencia
1114 2861 1227 2959 igitur
1244 2886 1377 2937 eorum

280 2984 354 3077 que
372 2984 441 3075 per
459 2986 501 3037 se
519 2962 644 3062 ipsam
664 2959 825 3058 sumpsit
843 2961 1051 3057 exordium,
1068 2960 1249 3037 deficiens
1262 2964 1376 3044 desiit

160 3094 165 3105 ·
278 3064 318 3135 in
336 3085 380 3136 se
397 3061 491 3160 ipsa.

358 3164 465 3237 1260.
492 3162 668 3236 Albcrtus
682 3161 1188 3260 prepositusLanchiciensis
1207 3172 1245 3233 et
1263 3188 1375 3237 cano-

278 3261 1376 3361 nicusCraooviensis‚quicontulitvittamznonkieoeleste
1515 3308 1517 3340 t

279 3363 542 3459 cracoviensi,
568 3363 667 3437 obiit.
718 3361 834 3435 Lelov
857 3370 1021 3435 castrum
1050 3385 1119 3458 per
1143 3362 1371 3438 Karimirum

279 3468 414 3539 ducem
445 3462 639 3538 edificatur
670 3472 710 3536 et
742 3461 869 3535 statim
901 3485 970 3560 per
995 3462 1210 3535 Bolezlaum
1237 3466 1372 3537 ducem
1514 3471 1515 3476 ’

279 3564 494 3639 destruitur.

358 3666 465 3741 1262.
501 3664 662 3737 loannes
688 3661 907 3759 capellanus
930 3664 976 3736 de
1000 3662 1194 3736 Loboricia
1217 3668 1272 3739 16.
1291 3664 1371 3735 Kal.

277 3765 441 3839 Ianuarii
458 3764 556 3838 obiit.
592 3763 808 3839 Semovitus
826 3763 899 3833 dux
918 3763 1084 3835 Mazovie
1104 3788 1125 3835 a
1143 3764 1308 3837 Lituanis
1333 3762 1372 3834 in

279 3866 413 3938 landov
432 3866 469 3938 in
493 3865 619 3962 vigilia
643 3863 741 3936 beati
759 3862 937 3937 lohannis
954 3863 1115 3961 baptiste
1142 3865 1321 3937 occiditur
1333 3858 1373 3936 et

237 4055 240 4060 Ι
277 3967 476 4040 Cnnradus
490 3964 588 4037 lilius
606 3963 685 4037 eius
706 3962 861 4059 capitur.

356 4068 462 4141 1263.
500 4065 660 4139 ecclesia
693 4062 812 4137 sancti
838 4063 950 4137 Marci
979 4067 1024 4136 ad
1042 4063 1178 4135 fratres
1196 4066 1242 4135 de
1266 4062 1371 4161 peni·
1464 4143 1470 4154 Χ

274 4166 401 4239 tencia
421 4170 616 4239 beatorum
635 4165 831 4239 martirum
846 4164 884 4235 in
910 4164 1061 4236 civitate
1089 4164 1273 4236 fundator.
1305 4163 1372 4234 Ec·
