3050 4900
274 455 322 530 82
469 451 655 530 CONTlN.
681 446 849 526 ANNAL.
872 449 1178 526 POLONORUM.

276 675 409 752 regem
440 653 623 726 Bohemie
654 652 923 726 Wenceslaum
954 675 1030 723 non
1050 647 1173 725 solum
1193 653 1238 725 de
1264 651 1372 724 Polo·

276 755 338 828 nia
358 765 396 827 et
413 752 650 848 Pomorania,
665 756 731 826 sed
752 753 872 825 eciam
887 755 934 824 de
954 776 1023 826 sua
1038 763 1140 825 sorte
1155 763 1192 824 et
1206 755 1252 823 de
1270 761 1371 824 terra

277 835 499 950 Syradie'et
516 853 703 950 Lancicie,
729 851 891 950 quesibi
918 863 1002 949 post
1027 876 1181 925 suorum
1213 852 1370 925 fratrum

278 955 419 1029 obitum
434 957 677 1050 advenerant,
704 977 776 1024 nec
796 976 870 1025 uno
897 951 965 1025 sibi
993 951 1137 1047 relicto,
1164 951 1233 1023 fuit
1256 952 1371 1049 turpi-

277 1067 337 1130 ter
361 1066 398 1129 et
416 1055 672 1128 fraudulenter
691 1053 844 1125 eiectus.
896 1052 958 1125 Sic
977 1052 1102 1150 itaque
1129 1051 1239 1124 terris
1267 1057 1373 1125 orba-

277 1167 354 1252 tus,
381 1155 554 1253 quamvis
578 1153 781 1226 multorum
807 1152 1016 1246 amicorum
1041 1151 1219 1224 auxilium
1244 1161 1372 1251 postu-

277 1257 363 1328 lans
400 1255 563 1350 adisset,
594 1248 701 1326 vanis
738 1253 938 1351 promissis
979 1253 1104 1350 ipsum
1139 1253 1373 1350 decipientes

280 1356 434 1429 inanem
463 1365 501 1427 et.
526 1377 596 1454 spe
619 1377 782 1427 vacuum
809 1377 877 1450 per
906 1353 1021 1425 multa
1048 1363 1264 1450 temporum
1293 1377 1374 1425 cur·

280 1456 398 1529 ricula
430 1465 508 1529 toto
534 1458 624 1528 orbe
659 1453 874 1526 instabilem
909 1451 1076 1550 divagari
1110 1448 1373 1551 permiserunt.

281 1554 354 1646 Qui
383 1555 516 1628 videns
548 1577 639 1628 sea
677 1553 757 1626 suis
790 1553 1006 1626 omnimode
1037 1553 1257 1626 destitutum
1287 1576 1374 1625 cum

280 1655 413 1755 paucis
430 1653 655 1752 sequacibus
673 1654 711 1724 in
732 1653 933 1751 Ungariam
952 1657 997 1726 ad
1016 1655 1225 1726 Amadeum
1246 1677 1375 1751 quem·

281 1760 369 1830 dam
407 1755 527 1828 virum
563 1753 726 1827 nobilem
768 1762 806 1825 et
835 1764 1029 1851 potentem
1067 1753 1228 1826 secessit
1267 1752 1374 1825 cuius

282 1854 433 1951 auxilio,
452 1857 520 1928 sed
552 1853 674 1950 magis
701 1852 839 1950 divino,
869 1853 1145 1926 Sandomiriam
1175 1863 1213 1925 et
1239 1855 1374 1927 Craco-

281 1955 384 2029 viam
409 1966 532 2029 terras
559 1963 597 2027 et
623 1953 716 2026 alias
744 1977 878 2027 omnes
898 1978 991 2052 quas
1011 1978 1124 2050 supra
1149 1953 1376 2024 memoravi-

282 2080 369 2130 mus
394 2056 587 2130 debellans
622 2053 779 2126 viriliter
814 2053 993 2152 optinuit,
1023 2053 1213 2126 Bohemos
1239 2052 1301 2150 qui
1329 2055 1377 2126 18

283 2155 394 2230 annis
433 2179 499 2230 eas
530 2164 731 2228 tenuerant
758 2163 933 2251 potenter
959 2154 1127 2226 evellens
1162 2162 1201 2226 et
1227 2152 1375 2226 eiciens

283 2259 476 2354 nunquam
500 2255 588 2328 illuc
606 2253 804 2327 redituros.
855 2254 948 2328 Cum
967 2253 1081 2350 igitur
1099 2252 1285 2351 predictas
1303 2262 1378 2326 ter·

282 2381 361 2455 ras,
378 2358 459 2430 Deo
477 2355 529 2427 illi
548 2377 681 2453 pacem
699 2353 899 2452 tribuente,
917 2354 1114 2453 tranquille
1128 2353 1379 2453 possedisset,

283 2458 416 2530 volens
435 2457 559 2555 ipsum
576 2456 678 2529 Deus
696 2466 784 2554 post
800 2457 917 2529 talem
951 2480 1081 2529 casum
1108 2455 1228 2551 gloria
1255 2466 1293 2528 et
1310 2456 1377 2528 ho-

283 2580 377 2657 nore
401 2556 589 2629 illustrare
615 2566 679 2629 aut
702 2567 858 2653 gentem
884 2556 1101 2629 Polonicam
1118 2554 1377 2651 magnificare,

259 2656 436 2731 ⁴domino
463 2657 677 2751 Gerwardo,
705 2655 884 2753 episcopo
911 2656 1147 2750 Cuyaviense
1173 2666 1311 2753 agente
1339 2666 1378 2728 et

286 2758 502 2832 elaborante
527 2756 625 2829 circa
644 2756 838 2828 dominum
855 2756 1060 2829 Iohannem
1081 2756 1219 2828 dictum
1238 2779 1377 2854 papam

283 2858 393 2955 xxtt,
419 2882 596 2931 coronam
623 2867 683 2931 est
706 2867 956 2954 assequutus,
988 2881 1060 2953 qua
1088 2856 1199 2929 etatis
1221 2880 1290 2929 sue
1315 2857 1377 2930 60.

284 2982 383 3031 anno
403 2983 489 3032 cum
509 2982 577 3031 sua
596 2956 694 3030 felici
714 2966 889 3029 consorte
908 2968 945 3029 et
964 2957 1065 3029 omni
1089 2960 1271 3031 bonorum
1297 2980 1378 3028 me·

284 3058 581 3132 moriedomina
603 3056 773 3154 Hedvige
800 3056 838 3129 in
869 3057 1046 3133 Cracovia
1080 3081 1148 3156 per
1183 3056 1377 3129 dominum

283 3157 508 3231 lanisslaum
549 3156 877 3255 archiepiscopum
911 3167 949 3230 et
992 3157 1085 3231 alios
1130 3157 1258 3255 plures
1301 3156 1378 3255 epi·

285 3280 437 3357 scopos,
455 3282 554 3330 anno
572 3258 720 3330 Domini
751 3259 858 3332 132οζ
886 3257 953 3329 fuit
970 3258 1135 3354 gloriose
1162 3268 1378 3355 coronatuS,

284 3382 398 3456 quam
425 3357 546 3431 eciam
573 3382 642 3431 suo
668 3357 883 3432 successori
902 3357 1075 3430 videlicet
1090 3358 1167 3430 lilio
1185 3382 1255 3432 suo
1273 3358 1379 3431 Kazi·

283 3457 391 3545 miro,
419 3460 464 3531 de
491 3482 573 3556 quo·
591 3457 745 3531 ulterius
771 3481 898 3531 sermo
926 3458 1121 3531 habendus
1149 3459 1220 3531 erit
1243 3469 1281 3532 et
1308 3482 1377 3532 sue

282 3558 492 3673 posteritati
511 3557 669 3631 feliciter
687 3569 869 3657 perpetuo
883 3560 1099 3631 duraturam
1119 3558 1279 3656 reliquit.
1309 3558 1378 3631 llic

282 3670 381 3733 mter
395 3658 571 3732 virtutum
588 3658 792 3732 karismata
806 3657 925 3733 tribus
947 3659 1043 3731 ultra
1065 3659 1270 3733 humanam
1290 3658 1378 3731 esti·

282 3761 496 3833 macionem
537 3757 700 3833 effloruit
744 3760 964 3833 luculenter.
1022 3757 1203 3832 Videlicet
1238 3758 1377 3855 insigni

283 3860 437 3974 pietate,
464 3859 550 3958 quia
569 3859 640 3933 nisi
660 3870 814 3933 coactus
833 3857 995 3957 aliquem
1015 3859 1125 3932 morti
1147 3857 1239 3932 tradi
1253 3858 1394 3956 iussit,

282 3959 523 4034 inestimabili
537 3958 759 4057 humilitate,
767 3970 808 4034 ut
821 3958 908 4058 quid
920 3969 1025 4034 esset
1038 3961 1160 4034 fastus
1169 3970 1234 4033 aut
1247 3982 1377 4058 super·

282 4059 341 4134 bia
355 4059 506 4157 penitus
514 4060 719 4158 ignoraret,
733 4060 907 4135 indicibili
917 4061 1124 4159 paciencia,
1139 4085 1226 4134 narn
1239 4060 1378 4133 vindex

281 4158 413 4233 iniurie
440 4160 654 4235 nullatenus
680 4184 769 4235 esse
786 4160 920 4259 potuit,
946 4185 1035 4256 ymo
1055 4184 1098 4235 se
1116 4158 1376 4234 iniuriantibus

282 4260 598 4337 humanissimum
618 4261 798 4360 exhibuit,
818 4261 1008 4361 placidum
1032 4261 1176 4335 vultum
1202 4261 1239 4334 in
1257 4260 1377 4333 omni·
