3050 4900
423 452 639 528 ANNALES
667 451 972 528 POLONORUM.
1193 455 1241 525 tr

144 651 373 726 celeberrima
408 654 617 726 bibliotheca
649 653 826 746 imperiali
856 653 1147 747 Petropolitann,
1181 651 1242 722 ubi

143 751 316 825 Arndtius
334 778 395 826 eos
413 778 531 825 ruerrse
551 755 696 825 Octobri
714 755 909 846 exscripsit.
946 753 1039 824 Sunt
1056 751 1240 824 uutemhi:

220 850 263 947 3)
285 853 406 925 Codea
423 853 635 926 chartaceus
653 877 746 925 saec.
766 852 838 945 XV,
856 855 979 938 fornia
1004 859 1152 943 octaua,
1170 855 1242 944 sip·

143 959 251 1023 natus
270 957 299 1020 λ.
321 952 364 1038 Q.
385 960 470 1022 ΟΤΔ.
490 953 546 1024 lv.
565 953 606 1024 N.
638 958 695 1027 98.
734 955 896 1024 Continet
921 977 944 1022 a
961 977 996 1045 p.
1020 955 1035 1022 1
1057 949 1241 1040 usquead

142 1077 176 1144 p.
197 1052 245 1124 06
265 1052 464 1124 Chronicon
478 1052 673 1145 Delmatae,
693 1053 859 1146 solusque
868 1054 988 1146 estqui
998 1050 1240 1123 nomenhuius

143 1151 412 1245 chronopraphi
427 1153 611 1245 praebeat.
647 1153 728 1245 Ap.
749 1153 810 1226 96¹
828 1175 938 1246 usquc
956 1152 1058 1244 adp.
1081 1151 1152 1225 126
1169 1148 1240 1222 An-

143 1249 246 1322 nales
263 1251 438 1345 lepuntur,
465 1275 554 1345 quos
579 1259 775 1345 sequuntur
796 1276 831 1343 p.
861 1252 930 1325 127
960 1258 993 1323 et
1022 1253 1093 1324 128
1122 1250 1240 1322 Notae

142 1350 382 1422 bublinenses.
423 1352 612 1444 Scriptura
640 1352 754 1423 nitida
788 1352 960 1446 claraque
992 1353 1147 1444 scriptus
1174 1355 1237 1442 est,

143 1453 327 1544 marpiues
345 1453 380 1522 in
399 1455 575 1545 superiori
590 1459 696 1544 parte
714 1453 883 1544 temporis
901 1453 1032 1521 iniuria
1051 1450 1238 1526 detrimen-

143 1557 219 1622 tum
235 1552 336 1643 pussi
353 1558 445 1643 sunt,
464 1554 516 1622 ita
533 1557 575 1622 ut
591 1553 699 1622 verba
717 1550 898 1645 quaedam
918 1549 1032 1621 deletu
1046 1551 1127 1641 sint,
1145 1571 1239 1644 quae

143 1657 264 1720 tamen
280 1653 414 1742 partim
434 1653 639 1722 coniectura
655 1653 790 1743 partim
813 1650 969 1722 aliarum
988 1649 1158 1723 classium
1182 1672 1240 1722 co·

87 1782 90 1788 ·
145 1750 261 1822 dicum
282 1772 349 1841 ope
366 1750 529 1844 supplere
543 1773 748 1845 possumus.

221 1847 288 1942 ss)
305 1849 425 1920 Cadra
439 1851 593 1922 eiusdem
610 1850 841 1922 bibliothecae
855 1851 1019 1944 sipontus
1037 1854 1067 1920 h.
1086 1848 1123 1920 F.
1149 1855 1236 1920 OTh

144 1947 200 2019 lv.
219 1948 260 2019 N.
284 1952 339 2042 19,
359 1949 573 2021 chartaceus
590 1973 683 2022 saec.
702 1949 774 2041 XV,
793 1952 828 2019 in
846 1949 922 2041 lot,
940 1948 1099 2021 similiter
1116 1948 1237 2020 Dzirs-

143 2072 221 2120 wne
247 2047 451 2141 chronicon,
478 2048 653 2140 Annales,
686 2049 899 2120 Vincentium
925 2054 958 2119 et
983 2047 1235 2142 Bopuphalum

144 2149 287 2243 eiusque
305 2151 589 2221 continuatorem
609 2148 903 2221 archidiaconum
924 2149 1160 2221 Gneznensem
1178 2171 1237 2219 ec-

143 2247 245 2320 hibet.
275 2246 431 2321 Annales
449 2251 560 2321 variis
578 2250 743 2322 manibus
761 2251 906 2321 exarati
916 2255 1008 2339 sunt,
1026 2249 1146 2340 prima
1159 2272 1238 2319 ma-

144 2371 212 2420 nus
230 2350 372 2440 scripsit
395 2372 504 2444 usque
532 2349 583 2420 ud
609 2374 643 2420 a.
667 2350 781 2442 1061,
808 2348 967 2420 secunda
993 2371 1104 2443 usque
1131 2347 1183 2418 ad
1200 2371 1235 2420 a.

149 2451 255 2540 1106,
275 2450 381 2520 tertia
401 2451 452 2520 nd
470 2474 503 2521 a.
528 2451 632 2523 1203.
652 2450 791 2521 Relatio
811 2450 854 2521 de
867 2448 1043 2521 Vincentio
1060 2446 1235 2521 Kadlub-

143 2548 234 2619 lrone
254 2572 350 2619 anno
372 2550 467 2622 1208
487 2549 614 2621 addita
634 2556 766 2643 quarta
784 2573 894 2622 manu
909 2555 1065 2621 exarata
1083 2555 1145 2621 est.
1172 2549 1236 2621 be·

143 2654 277 2742 puntur
296 2657 413 2720 autem
432 2648 468 2719 hi
478 2649 629 2721 anrcales
646 2650 722 2733 loll.
743 2652 802 2723 27.
823 2652 882 2724 28.
894 2650 954 2724 29.

218 2748 241 2817 I
244 2747 277 2820 V.
297 2748 340 2841 4)
359 2749 437 2819 lum
458 2772 554 2820 cinno
577 2752 673 2824 1749
692 2752 746 2821 vir
764 2750 891 2821 beatae
909 2749 1104 2820 raemoriae
1122 2748 1234 2843 heuq-

143 2846 224 2919 nich
244 2848 461 2921 Gatianensis
485 2850 550 2921 sub
572 2850 700 2920 titulo:
731 2848 949 2921 Vincentius
975 2846 1169 2919 Kadlubko
1198 2858 1235 2919 et

143 2946 325 3019 Martinus
346 2946 475 3019 Gallus
508 2948 711 3045 scriptores
731 2948 910 3022 historiae
939 2948 1102 3023 Polonae
1128 2958 1234 3020 vetu-

145 3045 302 3119 stissimi
321 3071 406 3119 cum
427 3051 570 3121 duobus
599 3050 795 3143 anonymis
824 3073 870 3122 ex
896 3072 966 3122 ms.
985 3047 1234 3121 bibliothecae

144 3146 369 3245 episcopalis
385 3148 689 3245 Heilsbergensis
710 3149 810 3245 editi7
829 3148 972 3223 Gedani
994 3152 1100 3223 1710.
1112 3148 1234 3243 plures

143 3270 251 3341 quam
278 3251 426 3335 monitui
449 3252 556 3341 pretii
579 3253 697 3334 fontes
731 3250 782 3321 ud
813 3250 1000 3321 historiam
1024 3248 1233 3321 Palanicam

142 3355 341 3439 spectantes
359 3348 476 3421 edidit.
504 3350 624 3423 Codex
642 3351 924 3445 quiunn01824
943 3353 1019 3421 viro
1030 3348 1231 3421 clarissimo

141 3446 321 3518 Bandtlrie
334 3472 404 3541 pro
422 3472 518 3523 nova
526 3450 676 3522 Martini
685 3450 779 3523 Galli
795 3450 945 3523 editione
957 3448 1235 3521 instituendund

141 3568 289 3617 manum
308 3549 439 3641 luerat,
459 3553 612 3643 evanuit,
631 3574 695 3623 nec
712 3552 845 3623 nostris
869 3574 934 3622 nec
960 3550 1115 3621 aliorum
1140 3550 1233 3619 niro·

140 3668 221 3717 rum
249 3646 436 3719 doctorum
461 3651 704 3723 communibus
728 3650 915 3722 laboribus
939 3649 1054 3744 detepi
1072 3654 1231 3741 poterat.

139 3745 247 3817 quat
281 3748 389 3840 ipitur
421 3747 692 3840 descriptionem
726 3751 820 3822 illius
847 3774 871 3820 a
895 3749 1076 3821 Bandthie
1106 3748 1230 3819 datam

140 3846 265 3918 iterum
280 3869 492 3940 proponere.
517 3848 577 3919 Sic
595 3853 685 3923 enim
705 3854 740 3921 in
759 3850 934 3922 laudatae
952 3848 1116 3920 editionis
1131 3873 1166 3940 p.
1183 3847 1237 3919 Xl

140 3944 289 4039 lepitur:
325 3948 471 4041 „Codes
483 3947 765 4044 Heilsberpensis
787 3952 823 4021 in
846 3972 991 4043 papyro
1014 3950 1104 4020 sutis
1122 3947 1230 4020 nitide

138 4048 292 4139 scriptus
310 4047 429 4121 multis
449 4050 570 4120 uacuis
588 4052 832 4142 spatiisinter
858 4051 981 4121 omnia
1006 4051 1083 4133 fere
1108 4050 1231 4141 capita

137 4144 278 4240 relictis,
298 4155 332 4220 et
348 4155 424 4221 tam
443 4148 711 4243 adpinpendas
725 4148 827 4219 hand
840 4148 943 4220 dubie
956 4148 1094 4220 litteras
1108 4171 1230 4219 eorum

136 4244 300 4342 initiales,
320 4271 428 4343 quam
443 4249 495 4322 ad
511 4249 655 4345 plassas
674 4250 728 4323 ael
741 4248 993 4322 adnotationes
1008 4246 1232 4321 adiiciendas
