3050 4900
270 416 317 488 88

347 649 598 764 ΑΝῌΑΒΕΒ
631 652 1039 739 CRACOVIENSES
1070 658 1293 743 BREVES.

270 786 331 893 In
349 821 511 912 omnibus
530 819 721 914 codicibus,
742 821 867 915 quibus
884 828 1031 893 servata
1050 815 1152 896 nobis
1165 832 1248 897 sunt
1260 825 1364 897 cbro·

272 925 356 996 nica
374 945 511 1016 rnaqna
531 919 593 992 itta
611 920 818 1014 Baquptudi
830 928 865 993 et
878 921 1126 994 archidiaconi
1140 926 1364 1017 Gneznensis,

270 1023 468 1114 invenimus
488 1020 639 1092 andecies
657 1023 749 1092 varii
767 1023 904 1115 pencris
922 1027 956 1092 et
979 1027 1192 1118 arqumenti,
1215 1025 1270 1096 oet
1294 1048 1364 1096 rae·

274 1124 354 1195 dios
372 1123 464 1192 inter
481 1119 637 1192 laudata
657 1121 828 1192 chronica
841 1123 981 1214 positos
999 1122 1054 1192 vet
1069 1126 1106 1194 ia
1122 1128 1190 1210 fine
1210 1124 1364 1195 additos.

276 1223 436 1312 (tuorum
455 1226 626 1292 naturam
646 1243 838 1315 vernasque
855 1223 1014 1304 formam
1034 1223 1134 1293 multi
1152 1223 1195 1294 de
1212 1224 1365 1296 historia

271 1321 445 1394 Potonica
465 1321 683 1391 benemeriti
707 1323 774 1391 oiri
791 1343 914 1391 eruere
931 1323 1053 1393 conati
1069 1329 1160 1416 sunt,
1180 1348 1286 1418 quum
1302 1347 1366 1395 au-

273 1429 341 1494 tem
365 1422 473 1492 unica
498 1441 633 1513 eorum,
670 1425 703 1491 et
737 1421 828 1492 boec
861 1421 1154 1515 neptiqentissime
1189 1426 1364 1516 confecta,

273 1521 380 1594 editio
399 1519 757 1614 Sommersberqiana
773 1519 893 1591 adbuc
906 1527 1073 1614 exstaret,
1091 1545 1163 1594 non
1173 1529 1366 1615 potuerunt

273 1623 356 1717 quin
375 1644 447 1691 aon
465 1619 628 1691 omnibus
646 1621 803 1690 inumeris
829 1620 1031 1692 absolutam
1057 1624 1264 1714 proferrent
1287 1646 1366 1694 sen·

273 1721 431 1792 tentiam.
481 1719 588 1790 Felici
605 1741 694 1790 casu
713 1720 869 1814 contiqit,
888 1727 927 1790 at
943 1719 1146 1792 Ateaander
1170 1745 1213 1793 en
1231 1724 1365 1808 comiti<

274 1821 340 1892 bus
365 1817 618 1912 Przezdziccbi,
648 1818 844 1890 Maecenas
872 1819 1072 1890 litterarum
1100 1821 1364 1914 Potonicarum,

275 1918 606 2015 deteqeretiiomae
634 1919 790 1990 codicem
822 1918 1120 2012 Ottobonianum,
1146 1923 1265 2015 prima
1291 1924 1366 1993 uice

274 2019 385 2092 iucem
405 2018 591 2115 quandam
612 2020 830 2106 afferentem.
883 2019 1044 2090 Continet
1060 2023 1150 2091 enim
1170 2023 1234 2092 iste
1252 2021 1367 2093 codec

275 2126 309 2192 et
327 2118 576 2215 Boqupteatum
595 2124 630 2191 et
647 2142 724 2190 eum
744 2119 954 2211 excipientes
977 2120 1128 2192 annates
1146 2124 1279 2215 varios,
1306 2124 1367 2217 qui

274 2220 323 2292 ibi
352 2221 468 2291 minus
494 2220 593 2290 minti
611 2225 643 2290 et
661 2219 797 2290 turbati
820 2241 929 2312 quam
955 2220 991 2289 in
1011 2219 1092 2290 otiis
1116 2220 1216 2292 libris
1240 2218 1367 2292 manu-

273 2321 416 2414 scriptis
433 2318 649 2412 entcibentur,
668 2318 849 2413 nobisque,
869 2317 942 2390 atio
956 2318 1035 2390 ioco
1054 2320 1098 2392 de
1112 2323 1367 2416 antiquissimis

273 2418 447 2494 Potoniae
480 2418 638 2505 fontibus
670 2418 916 2513 disputatoris,
948 2441 1080 2492 nnscrm
1109 2427 1368 2515 praeoptatam

270 2521 500 2617 praebebant
522 2517 664 2613 sinquta
689 2518 875 2590 annalium
902 2543 1036 2614 qenera
1070 2521 1277 2616 seiunqendi
1309 2546 1368 2594 eo-

276 2642 425 2715 rumque
444 2626 531 2713 apto
551 2625 712 2691 nostrum
738 2621 775 2689 in
800 2642 902 2690 usum
930 2620 1144 2692 vindicandi.
1202 2620 1367 2705 Profere-

275 2744 356 2793 raus
372 2721 480 2814 iqitur
496 2718 651 2791 Annales
671 2718 923 2791 Croconienses
942 2720 1063 2792 breves
1081 2728 1114 2793 et
1128 2720 1241 2814 paulo
1268 2721 1368 2807 iufra

275 2819 528 2914 premerides
551 2818 874 2913 Wladistocienses,
893 2819 1022 2892 relictis
1041 2819 1232 2893 assantibus
1254 2824 1377 2909 maio,

275 2923 326 2992 ris
351 2919 533 3014 Potoniae,
560 2943 775 3014 quosquam
798 2921 900 3012 prius
934 2920 1026 2992 dare
1045 2943 1368 3014 proposueramus,

275 3043 369 3092 nurse
391 3021 523 3106 futuris
549 3020 766 3112 temporibus
799 3021 1008 3110 remisimus,
1037 3044 1142 3114 quam
1170 3043 1367 3092 connexum

275 3123 444 3192 intereos
463 3126 497 3189 et
512 3118 717 3213 Boquphati
735 3117 928 3190 chronicon
953 3119 1133 3191 iilustrare
1157 3143 1230 3191 non
1252 3124 1368 3212 possi·

275 3243 366 3311 mus,
386 3224 420 3289 et
437 3218 556 3290 adbuc
579 3221 764 3313 iquoretur
789 3242 968 3313 quaenam
995 3218 1125 3290 barum
1152 3220 1367 3292 relationum

275 3323 322 3392 sit
337 3322 421 3403 fons
440 3318 597 3391 atterius.
1263 3320 1267 3323 ’

349 3416 506 3490 Annales
532 3417 702 3490 hocloco
726 3418 939 3512 proferendi
965 3419 1219 3491 Crocooieases
1246 3419 1369 3491 breues

275 3517 387 3590 ubiuis
411 3521 486 3604 fere
513 3542 591 3591 cnm
618 3516 815 3590 Annalibus
843 3519 990 3612 capitati
1015 3520 1262 3591 Cracooiensis
1284 3543 1369 3591 con·

275 3621 440 3713 sentiunt,
460 3621 630 3715 quoniam
649 3621 803 3691 invenire
816 3622 938 3713 possis
956 3618 1055 3690 locos
1078 3621 1204 3714 quibus
1226 3642 1298 3691 aon
1325 3643 1370 3691 es

273 3722 575 3813 praememoratis
592 3720 740 3791 bacrstos
759 3744 847 3813 esse,
866 3722 973 3790 immo
1001 3743 1084 3791 vero
1110 3742 1171 3791 eos
1199 3720 1249 3791 ad
1273 3744 1370 3792 com-

274 3843 380 3891 mune
397 3820 485 3892 iliud
501 3843 615 3915 supra
634 3825 871 3891 memoratum
890 3819 1075 3890 cenantium
1093 3820 1278 3913 ecernpior
1293 3843 1371 3891 esse

275 3920 498 3993 reducendos
525 3923 704 3992 evincitur.
779 3918 919 3989 initium
947 3924 1152 3990 nostrorum
1175 3924 1370 4012 praeterea

275 4020 477 4090 concordat
492 4043 572 4091 cum
592 4018 784 4092 errantibus
802 4017 1125 4090 Miechooiensibus.

352 4118 508 4213 Codices,
523 4123 583 4213 qui
596 4121 698 4193 nobis
713 4119 765 4191 ad
777 4119 1057 4193 constituendum
1076 4126 1209 4193 tentum
1223 4124 1372 4215 praesto

276 4225 392 4313 erant,
411 4227 493 4293 sunt
509 4219 566 4291 Iri:
