3050 4900
426 443 640 520 ANNALES
668 444 975 521 POLONORUM.
1206 448 1256 522 49

222 645 279 718 Ec
290 645 502 720 codicibusi}
520 647 606 720 et3a
614 649 772 741 primam
784 644 974 718 Annalium
987 653 1128 740 partem
1142 669 1254 742 usque

156 747 208 818 ud
235 772 269 818 a.
292 747 386 819 1023
413 749 487 818 iam
507 747 671 818 ediderat
694 771 724 819 v.
749 746 784 818 d.
808 746 992 839 dupustus
1010 746 1199 819 Biclowsici
1215 749 1252 818 in

154 847 351 941 appendice
370 847 450 917 iibri
463 849 520 918 sui
528 901 550 940 ,,
560 847 675 943 Wstep
689 847 882 939 ltrptyczny
900 846 947 918 do
963 847 1108 932 dziejo'w
1121 847 1251 942 Poulei,

154 948 360 1023 tueLwouu'e
382 947 515 1038 1850&
535 949 645 1041 iisque
665 945 831 1018 adiunxit
843 946 1019 1017 eccodice
1033 950 1054 1020 2
1063 954 1252 1039 partesue·

151 1041 379 1139 'spondentes
401 1087 445 1098 -
465 1047 540 1118 Nos
552 1049 660 1138 primi
678 1046 840 1118 dedimus
857 1049 892 1117 in
905 1046 1148 1118 -Manutnentis
1166 1051 1251 1120 iate·

153 1169 241 1240 pros
264 1146 427 1240 annates,
446 1147 583 1218 mendis
599 1153 790 1241 purpatos,
818 1146 1051 1241 chronoiopia
1077 1147 1190 1219 ubiuis
1214 1150 1252 1219 iu

154 1247 319 1340 marpme
339 1245 530 1340 adnotata,
550 1246 616 1318 sed
627 1246 695 1318 hoe
714 1245 794 1317 ioco
810 1253 948 1318 tantum
965 1250 1251 1343 antiquissimam
1291 1277 1294 1281 ’

154 1349 314 1430 &ruram
341 1343 518 1440 (driuides
536 1346 756 1419 Potonorum
776 1345 826 1441 1.)
850 1347 1036 1419 simutcum
1063 1351 1249 1419 continua-

155 1446 309 1516 tionibus
328 1454 485 1538 repetere
503 1446 618 1518 liceat.

226 1716 469 1814 Incipiunt
513 1717 710 1790 annales
743 1740 764 1788 a
805 1717 950 1814 primo
980 1717 1248 1792 christiano

152 1821 270 1890 (lurco
303 1818 558 1890 Meschone
593 1819 874 1889 Pol‘onorurn
908 1828 952 1889 et
984 1843 1137 1891 uxore
1164 1845 1247 1894 sua

152 1919 338 1990 famosa
379 1918 569 1989 nornine
609 1918 858 1992 Dobrawca
895 1919 1170 1992 christiana.

225 2055 332 2125 Anno
352 2053 500 2125 Domini
520 2056 603 2128 965.
631 2053 972 2126 excellentissimus
996 2058 1068 2127 dux
1093 2057 1248 2128 Moscho

152 2155 542 2252 accepitDobrovcam
560 2154 628 2227 sibi
646 2154 684 2225 in
695 2178 866 2252 uxorem,
885 2154 1128 2227 christianam
1148 2157 1248 2229 vide-

150 2256 241 2326 licet·
256 2258 302 2327 de
321 2255 517 2351 Roboaria,
545 2255 606 2351 qui
632 2260 741 2329 ambo
763 2255 955 2327 christiani
981 2253 1191 2328 fidelissimi
1210 2257 1247 2330 in

151 2355 303 2428 Polonia
325 2353 537 2428 efficiuntur
560 2366 598 2427 et
616 2380 750 2428 ornnes
769 2356 896 2427 Poloni
915 2356 1168 2454 baptizantur,
1189 2370 1249 2430 eo·

152 2457 267 2529 clesie
303 2466 342 2527 et
368 2457 550 2552 claustra,
570 2457 832 2555 episcopatus,
858 2458 1096 2554 prepositure
1117 2460 1247 2557 alique

149 2581 219 2655 per
249 2556 367 2654 ipsos,
400 2582 472 2654 qne
496 2567 584 2629 tunc
603 2556 683 2630 fieri
711 2568 884 2655 poterant
911 2569 1181 2631 construuntur
1212 2570 1251 2633 et

148 2662 334 2729 dotantur.
369 2658 440 2745 Qui
462 2682 552 2729 vero
578 2659 733 2731 Moscho
758 2660 908 2730 tannis
928 2684 949 2730 a
969 2660 1162 2733 nativitate
1188 2684 1247 2733 ce·

152 2782 218 2831 cus
237 2758 317 2852 fuit,
337 2757 433 2829 utin
453 2758 613 2831 cronicis
629 2759 828 2857 premissis
844 2759 1013 2831 habetur.
1101 2783 1103 2785 ’

213 2848 297 2935 987.
312 2859 533 2931 Bolezlavus
544 2860 719 2955 Magnus
736 2860 796 2956 qui
809 2859 963 2933 Chrabri
976 2860 1121 2955 dicitur,
1135 2870 1247 2933 natus
1269 2947 1270 2950 Ἴ

149 2969 220 3031 est.
252 2960 325 3031 Iste
340 2960 532 3031 Bohemos
553 2970 590 3031 et
604 2961 777 3055 Ungaros
798 2959 1011 3056 subiugavit
1026 2971 1063 3032 et
1077 2959 1247 3034 Saxones

149 3060 329 3156 edomuit,
349 3060 439 3133 etin
460 3058 615 3133 flumine
634 3061 771 3133 Solave
790 3070 891 3131 meta
915 3062 1040 3153 terrea
1063 3060 1160 3133 fines
1180 3063 1248 3133 Po·

148 3158 483 3233 lonieterminavit.
509 3162 584 3233 Iste
600 3173 773 3233 sanctum
783 3161 1025 3234 Adalbertunr
1040 3161 1247 3236 honorifice

150 3260 320 3358 suscepit
339 3273 375 3334 et
394 3260 431 3332 in
456 3261 675 3334 Gnezdnarn
702 3262 909 3334 collocavit.

224 3365 308 3436 970.
340 3364 544 3435 Prohortus
572 3362 718 3461 primus
746 3363 949 3461 episcopus
976 3362 1157 3438 Craoovie
1188 3388 1246 3435 or-

149 3459 307 3534 dinatur.

225 3562 309 3633 974.
331 3560 491 3633 ecclesia
511 3564 713 3659 Progensis
743 3562 865 3659 primo
886 3564 984 3661 cepit
1011 3566 1152 3637 habere
1172 3564 1248 3661 epi-

148 3682 308 3756 scopum
356 3660 602 3735 Dethmarurn
652 3664 823 3757 nomine,
873 3688 919 3736 ex
969 3664 1247 3737 ammonicione

148 3761 357 3833 Dobravce.

215 3864 298 3936 982.
316 3864 470 3933 sanctus
483 3863 704 3935 Adalbcrtus
717 3865 1008 3937 consecraturin
1024 3864 1320 3963 episcopumesa.

148 3961 393 4057 Pragensem.
435 3962 570 4034 Postea
599 3966 794 4036 revelante
820 3966 900 4037 Deo
927 3966 1159 4038 Pannoniam
1190 3962 1371 4039 rom-²⁹5

147 4061 276 4157 diens„
295 4062 454 4136 veniens
474 4063 637 4161 primunr
666 4088 798 4161 regern
816 4068 1053 4162 Ungarorum
1073 4076 1246 4140 sanctum

148 4162 383 4260 Stephanum
399 4188 483 4237 curn
504 4165 631 4237 inultis
653 4164 735 4242 aliis
755 4165 965 4262 baptisavit.
999 4170 1160 4241 Domum
1180 4192 1247 4264 per

149 4262 343 4337 Poloniam
371 4266 561 4339 transiens
588 4265 630 4338 et
654 4269 809 4339 eosdem
837 4265 872 4337 in
901 4267 972 4340 fide
1006 4267 1247 4364 confirmans,

974 4374 997 4441 4
