3050 4900
423 462 638 539 ANNALES
665 459 972 539 POLONORUM.
1193 465 1242 538 45

144 665 305 738 Potonici
322 668 422 760 reani
439 689 549 760 usque
575 665 626 737 ad
652 688 686 738 a.
714 665 798 739 965.
845 663 960 759 Usque
991 662 1042 736 acl
1075 687 1110 734 a.
1145 664 1241 737 1325

143 768 265 859 prima
285 789 408 836 eorum
421 790 515 858 pars
530 767 706 858 pertinere
724 765 872 855 uidetur,
891 787 978 834 nrrm
1003 766 1240 835 continuatio·

144 889 226 938 nem
245 889 362 956 rerurn
383 873 566 960 nesiorum
583 868 700 950 fusior·
725 866 910 935 enarratio
929 865 1060 957 orauit,
1079 869 1113 934 et
1129 864 1243 934 coclea

146 967 182 1058 4,
202 969 239 1036 in
257 989 325 1061 quo
347 966 538 1037 annalibus
557 965 608 1036 acl
624 965 717 1036 hunc
735 987 870 1034 annum
889 965 1075 1056 productis
1099 969 1240 1034 tantum

146 1057 341 1137 aota*anni
364 1065 625 1139 1378udctitar.
649 1065 747 1135 Inter
763 1063 830 1135 hos
849 1070 967 1134 cratem
987 1069 1040 1134 est
1051 1061 1141 1133 haec
1159 1065 1240 1150 atfi-

146 1168 255 1258 nitas,
275 1165 372 1260 quod
388 1165 467 1237 cod.
487 1165 509 1236 2
529 1171 652 1236 seruat
669 1164 832 1255 annales,
852 1167 912 1258 qui
929 1165 965 1233 in
978 1162 1083 1234 codd.
1104 1165 1125 1234 3
1145 1169 1179 1234 et
1192 1164 1240 1234 3a

146 1267 273 1336 iterum
298 1289 377 1336 curn
397 1265 569 1335 relatione
586 1265 748 1336 codicum
772 1270 788 1335 1
811 1271 845 1334 et
865 1269 908 1335 ta
925 1265 1001 1347 fere
1019 1263 1131 1334 ubiuis
1158 1286 1241 1334 con·

144 1367 254 1436 iuncti
271 1365 453 1457 hanutum
480 1364 593 1434 codes
619 1367 642 1434 4
662 1370 781 1434 autern
806 1386 914 1457 quam
933 1363 1089 1433 rnacirne
1106 1369 1141 1434 el
1157 1363 1208 1434 ad
1224 1363 1247 1432 I

148 1465 251 1536 etad
277 1464 335 1534 111
355 1464 502 1536 accedit.
537 1463 579 1533 In
603 1463 660 1533 111
682 1465 781 1533 initio
808 1462 960 1533 annales
985 1465 1121 1534 servati
1146 1469 1239 1554 sunt,

147 1564 274 1659 quibus
300 1570 333 1634 et
373 1563 569 1634 Vincentius
598 1561 826 1653 Kadtubech‚
862 1561 1026 1632 Dzirsraa
1056 1568 1091 1632 et
1119 1561 1241 1656 Baqu-

145 1663 278 1758 phalus
312 1665 368 1735 usi
401 1669 509 1756 sunt‚'
537 1685 625 1734 narn
660 1664 858 1754 exscriptos
892 1685 954 1733 eos
987 1685 1064 1732 esse
1089 1685 1133 1732 ec
1164 1661 1240 1732 Vin-

148 1765 252 1836 eentii
288 1757 456 1834 chronico
491 1762 696 1856 neaamlum
727 1768 791 1854 est,
822 1784 930 1856 quum
961 1784 1141 1832 annorum
1175 1784 1241 1831 nu-

146 1866 235 1935 rneri
254 1863 353 1956 apud
374 1862 467 1934 hunc
484 1885 556 1934 non
573 1863 809 1954 inveniantur,
837 1868 872 1932 et
888 1867 1017 1931 auctor
1037 1860 1244 1956 Boauphah'

145 1963 304 2035 chronici
337 1965 411 2056 ipse
450 1965 612 2046 fateatur
645 1962 712 2032 sibi
747 1967 895 2054 praesto
937 1962 1048 2044 fuisse
1090 1960 1242 2032 annales

145 2062 363 2136 Polonorurn
388 2061 561 2132 historiae
578 2060 644 2155 (cf.
665 2061 716 2131 ad
740 2085 774 2131 a.
793 2059 900 2155 913).
936 2059 1099 2132 Dzirstoa
1121 2067 1240 2131 autem

148 2163 215 2254 ille,
235 2163 509 2256 querndicirnus‚
527 2163 685 2245 fortasse
703 2160 742 2230 id
759 2163 840 2255 coit,
858 2167 897 2230 ul
915 2159 1151 2232 etannaleset
1164 2159 1241 2230 Vin-

147 2264 251 2334 centii
268 2261 461 2334 chronicon
479 2265 515 2332 ia
534 2285 636 2333 usum
661 2284 765 2333 suain
792 2267 957 2353 uerteret,
983 2283 1071 2331 narn
1095 2262 1241 2353 saepius

148 2360 248 2457 apud
265 2384 344 2432 eum
360 2363 690 2454 postinarrationes
709 2384 752 2430 en
775 2360 949 2432 Vincentio
969 2359 1177 2455 desumptas
1194 2361 1241 2431 le-

145 2468 277 2557 auntur
293 2464 425 2534 verbu:
444 2462 489 2533 de
504 2461 563 2533 his
577 2484 738 2558 quaeras
757 2461 794 2551 in
813 2460 1021 2533 annalibus
1041 2460 1155 2550 Quum
1176 2484 1241 2532 au·

123 2570 215 2656 tern
242 2562 402 2633 nondum
428 2562 626 2657 disquisitio
655 2564 780 2634 critica
808 2562 851 2632 de
879 2560 1042 2633 omnibus
1068 2561 1240 2632 Poloniae

145 2662 393 2734 chronicorum
418 2663 650 2755 scriptoribus
674 2664 829 2759 antiquis
854 2663 902 2733 sit
923 2663 1094 2751 instituta,
1122 2661 1240 2732 nobis-

146 2786 212 2858 que
230 2764 336 2834 etiam
357 2762 534 2847 defuerint
551 2761 686 2833 ancilia
704 2763 929 2853 necessaria,
947 2783 1018 2831 non
1033 2784 1239 2853 possumus,

38 2881 47 2892 ·
145 2864 227 2955 quin
251 2863 484 2954 proferamus
506 2863 625 2955 ruanis
649 2863 875 2932 coniecturas
898 2883 1005 2955 quarn
1025 2866 1144 2931 certas
1161 2882 1239 2931 sen-

144 2964 284 3033 tentias.
311 2962 355 3032 Ia
379 2962 513 3047 sufficit
537 2960 726 3051 adnotare,
753 2959 904 3031 annales
922 2966 1066 3031 nostros
1084 2965 1177 3031 certe
1203 2960 1239 3029 in
1268 2968 1270 2971 ’

142 3061 262 3133 inultis
276 3062 614 3155 partibusseroasse
630 3061 799 3155 antiquas
812 3060 1014 3131 relationes.
1041 3060 1240 3132 Cracooiae

141 3163 177 3232 in
195 3184 301 3233 snam
317 3163 606 3245 formamomnes
624 3160 877 3232 esseredactos
894 3158 1014 3231 elucet.

218 3259 274 3332 Ad
290 3262 450 3356 sinyulos
468 3260 609 3333 codices
627 3267 867 3332 transeamus.

217 3360 245 3431 I.
277 3360 316 3457 1)
363 3362 483 3433 Coelen
520 3360 782 3433 Warsaoiensis
808 3358 1038 3431 bibliothecae
1070 3361 1239 3431 comitum

142 3458 440 3552 Zarnoisciorurn‚
467 3460 765 3533 membranaceus
789 3483 885 3531 saec.
920 3458 1011 3553 XIV,
1029 3460 1104 3530 sine
1130 3454 1238 3530 dubio

145 3580 243 3629 anno
256 3560 353 3631 1349
363 3560 417 3631 uel
427 3561 517 3633 1341
531 3563 695 3653 scriptus,
716 3582 824 3654 quum
843 3559 1118 3631 annalesnostri
1136 3559 1188 3629 acl
1201 3582 1237 3628 a.

147 3658 244 3730 1340
261 3681 333 3729 uno
352 3664 472 3729 tenore
489 3663 612 3753 scripti
624 3663 695 3732 sint
712 3666 747 3731 et
762 3663 797 3730 in
814 3659 976 3752 pluribus
994 3658 1127 3731 codicis
1150 3658 1239 3730 locis

142 3760 268 3831 uacuis
286 3758 416 3829 relictis
429 3763 536 3829 notae
550 3760 742 3831 historicae
757 3758 1001 3851 offendantur,
1020 3780 1113 3853 quae
1127 3759 1238 3829 curiis

141 3859 309 3931 manibus
327 3865 504 3930 exaratae
519 3859 565 3929 ab
581 3883 676 3931 anno
692 3861 785 3933 1341
802 3858 884 3930 inde
897 3882 1008 3953 usque
1023 3858 1075 3928 ad
1087 3882 1123 3930 a.
1141 3858 1236 3937 1476

141 3980 199 4029 res
216 3966 339 4053 aestas
357 3963 541 4032 enarrant.
576 3957 732 4031 Annales
750 3962 865 4031 nostri
881 3961 1107 4031 inveniuntur
1123 3960 1159 4030 in
1172 3958 1236 4043 fol.

143 4060 189 4131 74
208 4082 318 4153 usque
336 4062 372 4131 in
388 4058 452 4146 fol.
472 4054 545 4132 89‘.
575 4057 778 4152 Dluoossus
790 4082 902 4130 manu
915 4082 984 4131 sua
1000 4059 1131 4130 adiecit
1146 4058 1236 4130 raul-

139 4162 197 4229 tas
215 4167 323 4232 notas
348 4157 581 4255 rnarqinales,
599 4182 692 4253 quas
710 4180 833 4230 omnes
851 4157 897 4229 ab
915 4158 1020 4230 huius
1037 4160 1156 4252 operis
1167 4162 1236 4245 fiae

140 4256 296 4353 alienas,
325 4259 416 4333 dare
434 4262 628 4333 omisimus.
664 4258 940 4353 Descripserunt
962 4260 1036 4330 ianr
1064 4258 1233 4350 codicem,
