3050 4900
269 369 320 446 30
400 365 617 444 auduus
645 365 860 442 curruum
878 364 1234 442 uuaeovtuusts

268 566 389 641 stadio
417 567 620 643 decurrens
649 565 809 663 eiusque
824 575 958 641 nactus
983 563 1209 660 bravium,
1198 589 1245 639 ιιι
1262 562 1360 644 cirili

268 665 349 740 iure
363 666 564 779 professus
580 675 741 762 quatuor
755 667 878 759 annia
895 665 1064 743 Bceouic
1076 667 1208 740 ductor
1222 660 1362 740 mansit

130 799 132 804 ’
269 766 429 842 eximius
452 769 700 840 decretorum.
744 767 848 841 ldem
878 767 1053 841 sincerus
1072 766 1213 857 relator
1235 788 1361 841 sacro-

271 877 402 942 sancte
422 866 583 942 ecclesie
597 889 664 963 Ριο
681 865 761 942 eius
777 868 950 942 libertate
970 876 1152 941 strennue
1169 849 1361 961 militavit5

269 969 314 1042 de
333 967 438 1040 cuius
457 965 594 1042 milicia
614 966 932 1041 Wratizlaviensis
949 967 1132 1062 eeclesia,
1148 966 1191 1041 in·
1208 989 1284 1064 qua
1302 975 1363 1042 cst

269 1068 455 1165 sepultus,
472 1066 677 1165 supersuis
698 1067 855 1142 decimis
876 1078 1044 1165 reportat
1065 1069 1264 1142 commoda
1279 1089 1363 1164 por·

269 1178 406 1281 optata.
422 1166 1000 1264 cracoviensisecclesiaquanta
1014 1168 1098 1242 luce
1113 1177 1363 1243 corruscatex

241 1303 244 1310 ·
268 1267 561 1344 canorriuacione
573 1266 802 1344 sanctissimi
811 1267 1001 1363 starum«,
1015 1291 1086 1366 per
1099 1291 1191 1344 suos
1202 1290 1362 1343 immen-

270 1391 335 1444 sus
361 1366 548 1442 labores
536 1391 576 1444 ιιι
600 1367 771 1444 Romana
791 1367 892 1444 curia
912 1379 1083 1467 utsupra
1103 1377 1207 1465 patet
1222 1366 1361 1464 liquido

267 1467 481 1566 impetrata,
509 1466 642 1543 merita
667 1468 785 1566 ipsius
805 1469 967 1544 martiris
995 1478 1153 1543 exerunt
1176 1469 1361 1581 gloriosa.

268 1569 355 1666 lpse
381 1567 501 1642 cultor
525 1567 691 1662 iusticie,
719 1593 794 1642 non
813 1572 954 1644 arundo
974 1579 1086 1644 vento
1105 1559 1266 1664 agitata,
1284 1591 1359 1645 uon

269 1666 1364 1782 arguciisganniensvulpinismouclausosadulatqrgcsti-

270 1766 448 1843 colatorio
459 1786 613 1842 servare
627 1768 1043 1843 lavoremautnancisci
1061 1768 1244 1866 obsequio
1263 1778 1362 1845 satu»

268 1870 405 1966 gendo,
415 1891 491 1940 non
500 1876 644 1944 terrore
659 1867 887 1943 secularium
897 1878 1128 1966 potestatum
1139 1892 1362 1964 concussus7

269 1991 340 2043 nec
367 1967 630 2044 blandimentis
658 1972 863 2081 seductus,
892 1993 1047 2082 semper
1072 1969 1222 2046 assecla
1247 1979 1363 2044 tenax

268 2067 695 2180 nornramtscquencium
712 2068 885 2167 equitatis
897 2070 1143 2166 pertinaxquc
1156 2069 1363 2145 zelatorum

267 2168 416 2244 iusticie
442 2166 624 2262 imitator,
650 2169 851 2244 ecclesiam
877 2168 946 2244 Dei
972 2169 1226 2262 libertatibus
1251 2167 1363 2266 priri

264 2267 391 2364 legiis⁷
406 2267 628 2362 commodis,
648 2268 944 2366 utilitatibusper
958 2272 1089 2346 sedem
1102 2269 1364 2366 apostolicam,

267 2391 337 2467 per
355 2367 574 2543 cqqiscopcs3
585 2367 850 2467 perprincipes
866 2369 1062 2446 seculares
1078 2392 1148 2445 sue
1167 2367 1363 2467 suffragio,

269 2492 401 2547 oonsrr
393 2468 588 2561 NJusatabri,
604 2469 894 2544 exhortacione
884 2493 960 2544 rmo
975 2479 1158 2565 oportuna
1174 2480 1211 2546 et
1223 2469 1362 2567 impor-

268 2580 373 2663 tuna,
392 2568 535 2663 favore,
554 2567 717 2665 presidio
737 2593 809 2646 nec
826 2570 1033 2646 nermedis
1049 2568 1362 2667 quibuscumque,

266 2667 484 2767 procuravit
507 2668 543 2745 in
563 2678 791 2765 perpetuum
806 2669 997 2765 gratuluri.
1030 2671 1244 2767 Numquam
1262 2670 1363 2767 priu-

269 2768 412 2867 cipibus
430 2778 561 2845 contra
581 2768 783 2847 ecclesium
802 2780 868 2844 aut
893 2769 930 2841 in
954 2770 1099 2844 clerum
1120 2770 1361 2868 aliquomodo

267 2870 544 2967 persuadenda
563 2870 678 2949 immo
698 2894 765 2967 Ριο
785 2868 962 2965 ecclesia,
977 2869 1081 2946 clero
1101 2880 1139 2983 et
1152 2870 1298 2947 iusticia
1318 2893 1362 2950 ee

268 2968 395 3052 multis
425 2969 602 3066 periculis
622 2993 834 3067 exponens,
860 2969 1167 3047 multasiuiurius
1193 2981 1253 3042 est
1279 2993 1363 3068 per

267 3092 418 3168 pessus..
458 3071 754 3166 Ascendensqur
780 3094 827 3145 ex
856 3070 1016 3149 adverso
1041 3093 1087 3145 se
1115 3093 1264 3145 ιιιιιιιιιιι
1292 3092 1362 3168 pro

265 3168 457 3251 domoDer
468 3178 505 3246 et
518 3169 679 3247 ecclesia
688 3169 1118 3245 Wratralavreusrmsurs
1130 3167 1285 3242 decimis
1295 3194 1365 3267 per

268 3267 521 3343 Theutonicos
547 3267 810 3383 dampnificata
834 3270 1022 3368 opposuit
1040 3269 1076 3340 in
1094 3292 1166 3366 qua
1183 3268 1360 3349 relaxans

268 3369 306 3445 iu
326 3367 484 3446 Domino
503 3368 676 3467 spiritum
695 3373 741 3443 de
759 3370 884 3445 caruis
902 3368 1134 3467 hergastulo,
1158 3378 1218 3443 est
1238 3370 1364 3467 sepul·

268 3480 340 3545 tus.
366 3468 436 3557 Qui
457 3492 502 3545 ex
520 3478 749 3549 testamento
767 3494 902 3551 omnes
920 3470 1035 3548 libros
1054 3492 1145 3544 suos
1168 3468 1364 3568 utriusque

269 3570 359 3649 iuris
376 3572 421 3644 ad
436 3593 532 3667 opus
548 3570 709 3647 ecclesie
730 3572 779 3645 Cr
780 3592 993 3647 aconensis
1010 3569 1168 3647 contulit
1195 3580 1233 3643 et
1257 3571 1361 3668 lega·

171 3742 173 3749 ι
269 3671 331 3747 vit.
367 3672 396 3749 E
415 3669 548 3767 quibus
564 3672 756 3753 decretum
774 3681 812 3746 et
828 3672 1040 3747 decretales
1052 3671 1364 3784 capitulumcius·

270 3774 358 3851 dero
367 3770 528 3849 ecclesie
538 3770 818 3867 ιιιιιςίιῑιοΑιΙιι,
832 3771 966 3885 rectori
980 3771 1181 3854 scolarium
1193 3770 1363 3849 eiusdem

269 3870 451 3983 ecclesie,
476 3880 631 3971 propter
661 3871 778 3969 ipsiius
800 3871 1000 3953 servicium
1023 3871 1123 3948 dedit
1148 3870 1365 3967 liberaliter,

269 3970 433 4049 maxime
451 3982 607 4084 propter
625 3972 710 4067 hoc,
727 3971 814 4085 quia
829 3972 929 4051 idem
949 3982 1074 4050 rector
1093 3971 1164 4069 ipsi
1179 3971 1363 4069 magistro

268 4072 292 4151 l,
319 4070 458 4146 viventi
489 4072 604 4150 multa
636 4072 794 4145 seruicia
819 4072 1112 4162 ιιιιιιιιιιιειιιιιιιἦ
1137 4094 1206 4169 pro
1226 4071 1363 4170 quibus

269 4172 370 4249 nulla
390 4194 552 4270 repensa
572 4171 829 4248 retribucionis
849 4172 970 4249 extitit
988 4172 1215 4251 consolatus.
