3050 4900
312 377 396 485 na
548 407 764 482 annuens
789 407 1159 484 uaenovrnnsns

320 608 446 681 divina
465 606 587 680 officia
605 606 808 680 missarum
827 631 874 679 ac
886 612 1131 706 vesperorum
1150 619 1277 708 potest
1295 619 1332 682 et
1350 612 1414 682 de·

321 712 384 782 bct
411 712 500 781 dare
527 709 663 806 populo
697 707 1001 780 benediccionem
1028 711 1266 806 solempnem
1302 719 1341 781 ut
1373 709 1414 780 in
1522 780 1524 791 ,

323 811 456 882 eadem
476 807 623 881 bulla
593 831 673 880 sive
691 807 816 880 littera
833 809 1039 906 apostolica
1055 809 1177 882 lucide
1192 809 1415 882 continetur
1522 819 1524 828 ⁴

319 909 415 981 ltem
446 910 579 982 eodem
610 932 708 979 anno
740 907 840 980 idem
868 909 1082 1006 prepositus
1113 909 1228 982 frater
1253 908 1416 982 llllichael

323 1007 541 1106 conparavit
559 1008 713 1080 infulam
734 1008 849 1104 perlis
869 1019 906 1079 et
924 1009 1006 1081 aliis
1024 1009 1208 1106 lapidibus
1227 1021 1414 1103 ornatam,
1493 1066 1501 1109 ‚¹

322 1120 360 1181 et
384 1108 557 1182 baculum
585 1108 665 1181 sive
693 1118 939 1180 curwaturam
968 1113 1063 1206 apud
1090 1109 1225 1182 fratres
1245 1109 1415 1182 Predica-
1477 1116 1494 1213 s?

320 1220 424 1282 tores
443 1233 509 1306 pro
530 1211 578 1282 60
598 1208 748 1302 marcis,
774 1208 824 1278 ita
851 1211 947 1304 quod
967 1209 1122 1307 prelatis
1141 1209 1315 1306 insigniis
1334 1234 1413 1282 om·
1463 1262 1465 1265 ψ

322 1332 391 1382 nes
411 1308 698 1380 blechovienses
719 1309 900 1406 prepositi
918 1312 1056 1382 debent
1073 1319 1110 1382 et
1128 1321 1288 1407 possunt
1305 1310 1358 1382 uti
1376 1300 1452 1380 inf

322 1409 441 1482 sacris
479 1407 631 1503 synodis
672 1418 709 1480 et
746 1431 878 1504 regum
913 1410 1220 1483 coronacionibus
1260 1421 1297 1481 91
1332 1409 1415 1484 aliis

1522 1469 1524 1506 l

321 1509 495 1601 omnibus
515 1508 842 1605 solempnitatibus
860 1509 1013 1584 ubilibet
1030 1511 1212 1606 locorum⁷
1240 1511 1414 1582 omnibus
1522 1525 1524 1548 ¹

320 1609 552 1707 temporibus
571 1618 754 1720 perpetuo
773 1610 970 1682 duraturis
1045 1610 1139 1682 ltem
1160 1634 1257 1682 anno
1277 1613 1414 1682 eodem

322 1710 523 1782 ecclesiam
544 1732 681 1780 novam
701 1707 882 1782 inChelm
901 1719 1030 1782 nostra
1048 1709 1134 1782 villa
1152 1719 1250 1783 retro
1270 1711 1413 1782 Rabam

321 1811 433 1883 sitam
450 1833 534 1881 cum
552 1808 633 1880 aliis
653 1818 852 1880 ornament
854 1809 886 1880 is
900 1809 1060 1908 propriis
1075 1809 1258 1907 impensis
1274 1809 1362 1881 fecit
1376 1818 1415 1882 et

321 1934 442 2007 usque
470 1908 506 1980 in
532 1907 647 1980 linem
681 1909 927 1980 consumavit
1012 1911 1107 1982 ltem
1144 1912 1278 1982 eodem
1314 1933 1413 1980 anno

320 2010 448 2083 villam
467 2033 584 2106 prope
610 2009 816 2081 Yadownik
842 2009 978 2081 dictam
1004 2008 1318 2082 Twaidoslavicze
1345 2033 1413 2107 pro

321 2115 394 2186 300
413 2108 550 2182 marcis
570 2108 797 2206 conparavit
881 2110 976 2182 ltem
1003 2134 1100 2181 anno
1128 2113 1261 2183 eodem
1287 2108 1414 2181 villam

321 2211 445 2284 Orlow
446 2234 542 2324 pro
575 2211 649 2284 600
679 2209 818 2282 marcis
850 2213 947 2307 apud
978 2211 1158 2282 domnum
1188 2211 1413 2283 Nemerzam

321 2308 543 2382 canonicum
582 2309 872 2384 Cracoviensem
913 2310 1139 2408 conparavit.
1181 2310 1275 2383 ltem
1315 2311 1414 2407 apud

321 2413 509 2509 quendam
533 2410 802 2506 Bogussium
792 2435 830 2483 ιιι
849 2410 1092 2484 Psorossrozk
1123 2422 1161 2484 et
1193 2411 1340 2508 Lgotha
1376 2419 1414 2483 91
1459 2440 1462 2443 ·

319 2512 504 2584 Podlesna
521 2511 628 2583 Wola
649 2534 738 2583 suas
757 2522 885 2606 partes
905 2536 971 2608 pro
991 2515 1064 2585 300
1082 2512 1232 2584 marcis.

394 2612 502 2682 Anno
521 2608 669 2682 Domini
690 2612 798 2684 1415.
823 2614 983 2684 domnus
1012 2611 1173 2683 llllichael
1197 2611 1412 2709 prepositus

319 2710 597 2785 Mechoviensis
625 2734 743 2807 prope
770 2710 933 2784 Stawani
961 2711 1086 2782 villam
1118 2711 1412 2784 Gotharcovicze

321 2812 412 2886 emit
429 2836 497 2910 pro
516 2810 731 2910 quingentis
751 2811 898 2884 marcis

394 2913 489 2986 ltem
523 2936 621 2984 anno
651 2911 801 2983 Domini
837 2914 942 2987 1420.
975 2911 1223 2985 hereditatem
1255 2911 1411 2985 Sadowe

320 3036 439 3112 prope
463 3012 757 3087 Gotharcovicze
784 3012 1021 3110 conparavit,
1056 3037 1129 3109 que
1153 3011 1344 3085 hereditas
1374 3012 1440 3083 in

318 3122 438 3186 totum
459 3115 653 3185 constabat
672 3113 768 3185 ultra
787 3124 939 3185 centum
959 3124 997 3185 et
1015 3112 1203 3209 octoginta
1223 3113 1371 3184 marcis,

396 3215 491 3286 ltem
516 3236 614 3284 anno
642 3213 791 3285 Domini
825 3215 931 3289 1421.
965 3214 1120 3285 91ιοιιιιιι
1153 3222 1284 3284 sancte
1316 3213 1412 3284 Hed-

319 3312 426 3409 wigis
446 3311 482 3384 in
502 3312 682 3387 Cracovia
701 3312 818 3384 muris
838 3313 1026 3409 conplevit
1050 3323 1088 3384 et
1114 3336 1212 3383 anno
1240 3310 1412 3408 sequenti

300 3423 462 3485 ‘tectum
480 3415 645 3509 desuper
670 3414 855 3485 ordinavit
879 3424 917 3484 et
942 3412 995 3485 sic
1021 3412 1174 3484 insimul
1197 3413 1304 3486 labor
1330 3435 1413 3511 pre·

320 3512 440 3586 dictus
460 3516 534 3587 400
551 3512 688 3585 marcis
716 3524 753 3586 et
779 3513 875 3585 ultra
894 3512 1080 3586 constetit.

395 3616 502 3686 Anno
520 3612 670 3685 Domini
692 3619 797 3688 1417.
817 3613 1015 3685 concilium
1033 3612 1213 3710 generale
1231 3612 1300 3683 fuit
1318 3613 1412 3685 Con·

302 3713 465 3787 stancie
493 3713 733 3787 celebratum.
787 3714 828 3786 ln
864 3716 998 3786 eodem
1035 3714 1190 3786 concilio
1225 3714 1411 3785 lohannes

321 3814 440 3887 dictus
464 3814 563 3886 Huss
589 3814 780 3887 bohemus
807 3814 965 3887 nacione
990 3817 1035 3886 de
1066 3812 1194 3886 heresi
1222 3812 1413 3884 convictus

322 3914 1081 3987 etincendiomiserabiliterconsumatus.
1113 3910 1412 3988 Cuiuslohannis

320 4014 493 4085 heresis
484 4040 520 4086 m
535 4015 697 4112 Frage,
688 4040 804 4087 mimo
819 4016 856 4086 in
871 4026 947 4087 tola
962 4015 1157 4110 bohemia,
1175 4014 1243 4086 fuit
1259 4023 1337 4086 tam
1352 4036 1415 4083 va·

320 4113 395 4185 lida
410 4123 448 4185 et
462 4115 622 4187 crudelis
638 4118 735 4213 quod
751 4116 876 4188 omnia
892 4115 1122 4188 monasteria
1137 4113 1290 4186 Hussite
1308 4114 1414 4186 here

321 4212 383 4286 tici
410 4217 716 4314 desertaverunt,
749 4241 883 4290 omnes
913 4215 1112 4312 religiosos
1144 4214 1352 4288 monachos
1380 4222 1416 4284 et
