<?xml version="1.0" encoding="UTF-8"?>
<!DOCTYPE html PUBLIC "-//W3C//DTD XHTML 1.0 Transitional//EN"
    "http://www.w3.org/TR/xhtml1/DTD/xhtml1-transitional.dtd">
<html xmlns="http://www.w3.org/1999/xhtml" xml:lang="en" lang="en">
 <head>
  <title>
</title>
<meta http-equiv="Content-Type" content="text/html;charset=utf-8" />
  <meta name='ocr-system' content='tesseract 3.04.00' />
  <meta name='ocr-capabilities' content='ocr_page ocr_carea ocr_par ocr_line ocrx_word'/>
</head>
<body>
  <div class='ocr_page' id='page_1' title='image "annalespoloniae01roepgoog_0112.png"; bbox 0 0 3050 4900; ppageno 0'>
   <div class='ocr_carea' id='block_1_1' title="bbox 287 462 1141 543">
    <p class='ocr_par' dir='ltr' id='par_1_1' title="bbox 287 462 1141 543">
     <span class='ocr_line' id='line_1_1' title="bbox 287 462 1141 543; baseline -0.005 0"><span class='ocrx_word' id='word_1_1' title='bbox 287 469 335 543; x_wconf 68' lang='lat' dir='ltr'>aa</span> <span class='ocrx_word' id='word_1_2' title='bbox 526 463 742 538; x_wconf 85' lang='lat' dir='ltr'><strong>ANNALES</strong></span> <span class='ocrx_word' id='word_1_3' title='bbox 769 462 1141 543; x_wconf 68' lang='lat' dir='ltr'>nncnovtnnsta</span> 
     </span>
    </p>
   </div>
   <div class='ocr_carea' id='block_1_2' title="bbox 287 659 1380 1062">
    <p class='ocr_par' dir='ltr' id='par_1_2' title="bbox 287 659 1380 1062">
     <span class='ocr_line' id='line_1_2' title="bbox 288 659 1378 764; baseline -0.007 -23"><span class='ocrx_word' id='word_1_4' title='bbox 288 677 415 742; x_wconf 85' lang='lat' dir='ltr'>autem</span> <span class='ocrx_word' id='word_1_5' title='bbox 434 665 613 764; x_wconf 83' lang='lat' dir='ltr'>priorem,</span> <span class='ocrx_word' id='word_1_6' title='bbox 632 666 677 736; x_wconf 83' lang='lat' dir='ltr'>arl</span> <span class='ocrx_word' id='word_1_7' title='bbox 706 688 819 761; x_wconf 87' lang='lat' dir='ltr'>quem</span> <span class='ocrx_word' id='word_1_8' title='bbox 845 689 931 737; x_wconf 92' lang='lat' dir='ltr'>cum</span> <span class='ocrx_word' id='word_1_9' title='bbox 955 663 1157 763; x_wconf 85' lang='lat' dir='ltr'>praedictis</span> <span class='ocrx_word' id='word_1_10' title='bbox 1186 659 1378 735; x_wconf 85' lang='lat' dir='ltr'>canonicis</span> 
     </span>
     <span class='ocr_line' id='line_1_3' title="bbox 289 761 1379 866; baseline -0.006 -26"><span class='ocrx_word' id='word_1_11' title='bbox 289 767 452 866; x_wconf 81' lang='lat' dir='ltr'>pertinet</span> <span class='ocrx_word' id='word_1_12' title='bbox 467 766 608 862; x_wconf 80' lang='lat' dir='ltr'>eligere</span> <span class='ocrx_word' id='word_1_13' title='bbox 619 765 886 863; x_wconf 76' lang='lat' dir='ltr'>patriarcham,</span> <span class='ocrx_word' id='word_1_14' title='bbox 901 766 962 863; x_wconf 90' lang='lat' dir='ltr'>qui</span> <span class='ocrx_word' id='word_1_15' title='bbox 983 765 1106 838; x_wconf 89' lang='lat' dir='ltr'>esteis</span> <span class='ocrx_word' id='word_1_16' title='bbox 1119 765 1202 836; x_wconf 90' lang='lat' dir='ltr'>loco</span> <span class='ocrx_word' id='word_1_17' title='bbox 1221 761 1379 837; x_wconf 74' lang='lat' dir='ltr'>abbatie.</span> 
     </span>
     <span class='ocr_line' id='line_1_4' title="bbox 287 865 1379 956; baseline -0.006 -15"><span class='ocrx_word' id='word_1_18' title='bbox 287 869 377 941; x_wconf 81' lang='lat' dir='ltr'>Inde</span> <span class='ocrx_word' id='word_1_19' title='bbox 401 874 433 940; x_wconf 88' lang='lat' dir='ltr'>et</span> <span class='ocrx_word' id='word_1_20' title='bbox 457 866 708 940; x_wconf 71' lang='lat' dir='ltr'>conventuales</span> <span class='ocrx_word' id='word_1_21' title='bbox 737 865 1010 938; x_wconf 87' lang='lat' dir='ltr'>Miechooienses</span> <span class='ocrx_word' id='word_1_22' title='bbox 1027 867 1174 938; x_wconf 84' lang='lat' dir='ltr'>subiecti</span> <span class='ocrx_word' id='word_1_23' title='bbox 1192 870 1299 936; x_wconf 87' lang='lat' dir='ltr'>erant</span> <span class='ocrx_word' id='word_1_24' title='bbox 1313 885 1379 956; x_wconf 89' lang='lat' dir='ltr'>pn-</span> 
     </span>
     <span class='ocr_line' id='line_1_5' title="bbox 288 963 1380 1062; baseline -0.006 -22"><span class='ocrx_word' id='word_1_25' title='bbox 288 967 470 1041; x_wconf 87' lang='lat' dir='ltr'>triarchoe</span> <span class='ocrx_word' id='word_1_26' title='bbox 487 967 537 1039; x_wconf 87' lang='lat' dir='ltr'>illi</span> <span class='ocrx_word' id='word_1_27' title='bbox 551 972 657 1062; x_wconf 85' lang='lat' dir='ltr'>atque</span> <span class='ocrx_word' id='word_1_28' title='bbox 672 965 722 1037; x_wconf 90' lang='lat' dir='ltr'>nd</span> <span class='ocrx_word' id='word_1_29' title='bbox 735 990 813 1039; x_wconf 89' lang='lat' dir='ltr'>eum</span> <span class='ocrx_word' id='word_1_30' title='bbox 832 989 954 1039; x_wconf 86' lang='lat' dir='ltr'>ornnes</span> <span class='ocrx_word' id='word_1_31' title='bbox 971 969 1159 1061; x_wconf 77' lang='lat' dir='ltr'>proniores</span> <span class='ocrx_word' id='word_1_32' title='bbox 1170 963 1380 1052; x_wconf 86' lang='lat' dir='ltr'>monasterii</span> 
     </span>
    </p>
   </div>
   <div class='ocr_carea' id='block_1_3' title="bbox 287 1062 1516 1158">
    <p class='ocr_par' dir='ltr' id='par_1_3' title="bbox 287 1062 1516 1158">
     <span class='ocr_line' id='line_1_6' title="bbox 287 1062 1516 1158; baseline -0.009 -17"><span class='ocrx_word' id='word_1_33' title='bbox 287 1070 344 1142; x_wconf 89' lang='lat' dir='ltr'>sui</span> <span class='ocrx_word' id='word_1_34' title='bbox 361 1091 496 1140; x_wconf 82' lang='lat' dir='ltr'>accusas</span> <span class='ocrx_word' id='word_1_35' title='bbox 514 1065 718 1154; x_wconf 83' lang='lat' dir='ltr'>afferebant</span> <span class='ocrx_word' id='word_1_36' title='bbox 732 1069 805 1139; x_wconf 87' lang='lat' dir='ltr'>sine</span> <span class='ocrx_word' id='word_1_37' title='bbox 822 1066 1038 1138; x_wconf 87' lang='lat' dir='ltr'>iudicandus</span> <span class='ocrx_word' id='word_1_38' title='bbox 1059 1067 1131 1138; x_wconf 88' lang='lat' dir='ltr'>siae</span> <span class='ocrx_word' id='word_1_39' title='bbox 1154 1062 1379 1158; x_wconf 89' lang='lat' dir='ltr'>probandas.</span> <span class='ocrx_word' id='word_1_40' title='bbox 1513 1112 1516 1130; x_wconf 84' lang='lat'><em>.</em></span> 
     </span>
    </p>
   </div>
   <div class='ocr_carea' id='block_1_4' title="bbox 289 1164 1427 1465">
    <p class='ocr_par' dir='ltr' id='par_1_4' title="bbox 289 1164 1427 1465">
     <span class='ocr_line' id='line_1_7' title="bbox 362 1164 1427 1258; baseline -0.005 -20"><span class='ocrx_word' id='word_1_41' title='bbox 362 1166 566 1240; x_wconf 86' lang='lat' dir='ltr'>laedendis</span> <span class='ocrx_word' id='word_1_42' title='bbox 584 1164 776 1238; x_wconf 81' lang='lat' dir='ltr'><em>annalibus</em></span> <span class='ocrx_word' id='word_1_43' title='bbox 789 1165 1102 1238; x_wconf 85' lang='lat' dir='ltr'>bliecbooiensibus</span> <span class='ocrx_word' id='word_1_44' title='bbox 1115 1166 1216 1236; x_wconf 89' lang='lat' dir='ltr'>nobis</span> <span class='ocrx_word' id='word_1_45' title='bbox 1232 1167 1380 1258; x_wconf 85' lang='lat' dir='ltr'>praesto</span> <span class='ocrx_word' id='word_1_46' title='bbox 1418 1198 1427 1216; x_wconf 92' lang='lat'><strong>·</strong></span> 
     </span>
     <span class='ocr_line' id='line_1_8' title="bbox 289 1264 1060 1355; baseline -0.009 -16"><span class='ocrx_word' id='word_1_47' title='bbox 289 1271 438 1355; x_wconf 77' lang='lat' dir='ltr'>fuerunt</span> <span class='ocrx_word' id='word_1_48' title='bbox 453 1266 613 1339; x_wconf 86' lang='lat' dir='ltr'>subsidia</span> <span class='ocrx_word' id='word_1_49' title='bbox 632 1264 743 1338; x_wconf 80' lang='lat' dir='ltr'>haec.-</span> <span class='ocrx_word' id='word_1_50' title='bbox 1057 1329 1060 1332; x_wconf 78' lang='grc'>,</span> 
     </span>
     <span class='ocr_line' id='line_1_9' title="bbox 368 1359 1380 1465; baseline -0.006 -27"><span class='ocrx_word' id='word_1_51' title='bbox 368 1368 409 1465; x_wconf 91' lang='grc'><strong>1)</strong></span> <span class='ocrx_word' id='word_1_52' title='bbox 439 1359 558 1439; x_wconf 74' lang='lat' dir='ltr'>Codex</span> <span class='ocrx_word' id='word_1_53' title='bbox 592 1365 822 1438; x_wconf 77' lang='lat' dir='ltr'>bibliothecae</span> <span class='ocrx_word' id='word_1_54' title='bbox 862 1364 1058 1459; x_wconf 87' lang='lat' dir='ltr'>imperialis</span> <span class='ocrx_word' id='word_1_55' title='bbox 1090 1362 1380 1457; x_wconf 88' lang='lat' dir='ltr'>Petropolitnnae</span> 
     </span>
    </p>
   </div>
   <div class='ocr_carea' id='block_1_5' title="bbox 290 1461 1381 1662">
    <p class='ocr_par' dir='ltr' id='par_1_5' title="bbox 290 1461 1381 1662">
     <span class='ocr_line' id='line_1_10' title="bbox 290 1461 1381 1561; baseline -0.005 -23"><span class='ocrx_word' id='word_1_56' title='bbox 290 1466 380 1538; x_wconf 88' lang='lat' dir='ltr'>mbr.</span> <span class='ocrx_word' id='word_1_57' title='bbox 399 1469 433 1538; x_wconf 86' lang='lat' dir='ltr'>in</span> <span class='ocrx_word' id='word_1_58' title='bbox 450 1466 514 1552; x_wconf 78' lang='lat' dir='ltr'>fol.</span> <span class='ocrx_word' id='word_1_59' title='bbox 532 1468 696 1561; x_wconf 80' lang='lat' dir='ltr'>sipontus</span> <span class='ocrx_word' id='word_1_60' title='bbox 716 1474 753 1539; x_wconf 89' lang='grc' dir='ltr'>Α.</span> <span class='ocrx_word' id='word_1_61' title='bbox 771 1465 809 1536; x_wconf 82' lang='lat' dir='ltr'>F.</span> <span class='ocrx_word' id='word_1_62' title='bbox 829 1464 910 1538; x_wconf 86' lang='lat' dir='ltr'>Otd.</span> <span class='ocrx_word' id='word_1_63' title='bbox 929 1466 955 1537; x_wconf 91' lang='lat' dir='ltr'>l.</span> <span class='ocrx_word' id='word_1_64' title='bbox 974 1464 1015 1537; x_wconf 85' lang='lat' dir='ltr'>N.</span> <span class='ocrx_word' id='word_1_65' title='bbox 1034 1467 1093 1540; x_wconf 93' lang='grc'><strong>51.</strong></span> <span class='ocrx_word' id='word_1_66' title='bbox 1127 1464 1168 1534; x_wconf 90' lang='lat' dir='ltr'>ln</span> <span class='ocrx_word' id='word_1_67' title='bbox 1186 1468 1254 1551; x_wconf 81' lang='lat' dir='ltr'>fine</span> <span class='ocrx_word' id='word_1_68' title='bbox 1277 1461 1381 1534; x_wconf 88' lang='lat' dir='ltr'>buius</span> 
     </span>
     <span class='ocr_line' id='line_1_11' title="bbox 290 1562 1379 1662; baseline -0.006 -24"><span class='ocrx_word' id='word_1_69' title='bbox 290 1567 424 1639; x_wconf 89' lang='lat' dir='ltr'>codicis</span> <span class='ocrx_word' id='word_1_70' title='bbox 447 1566 596 1661; x_wconf 75' lang='lat' dir='ltr'>lepiruus</span> <span class='ocrx_word' id='word_1_71' title='bbox 626 1564 737 1636; x_wconf 88' lang='lat' dir='ltr'>haee:</span> <span class='ocrx_word' id='word_1_72' title='bbox 762 1563 920 1662; x_wconf 85' lang='lat' dir='ltr'>Explicit</span> <span class='ocrx_word' id='word_1_73' title='bbox 954 1564 1047 1636; x_wconf 91' lang='lat' dir='ltr'>liber</span> <span class='ocrx_word' id='word_1_74' title='bbox 1081 1585 1299 1636; x_wconf 85' lang='lat' dir='ltr'>sermonum</span> <span class='ocrx_word' id='word_1_75' title='bbox 1334 1562 1379 1632; x_wconf 90' lang='lat' dir='ltr'>de</span> 
     </span>
    </p>
   </div>
   <div class='ocr_carea' id='block_1_6' title="bbox 292 1663 1507 1761">
    <p class='ocr_par' dir='ltr' id='par_1_6' title="bbox 292 1663 1507 1761">
     <span class='ocr_line' id='line_1_12' title="bbox 292 1663 1507 1761; baseline -0.003 -24"><span class='ocrx_word' id='word_1_76' title='bbox 292 1665 446 1760; x_wconf 86' lang='lat' dir='ltr'>sanctis,</span> <span class='ocrx_word' id='word_1_77' title='bbox 461 1665 613 1736; x_wconf 91' lang='lat' dir='ltr'>nomine</span> <span class='ocrx_word' id='word_1_78' title='bbox 628 1664 869 1761; x_wconf 85' lang='lat' dir='ltr'>Peregrinus,</span> <span class='ocrx_word' id='word_1_79' title='bbox 888 1673 1128 1760; x_wconf 87' lang='lat' dir='ltr'>comparatus</span> <span class='ocrx_word' id='word_1_80' title='bbox 1145 1686 1213 1760; x_wconf 84' lang='lat' dir='ltr'>per</span> <span class='ocrx_word' id='word_1_81' title='bbox 1226 1663 1382 1733; x_wconf 83' lang='lat' dir='ltr'>fratrem</span> <span class='ocrx_word' id='word_1_82' title='bbox 1504 1728 1507 1733; x_wconf 88' lang='lat'>.</span> 
     </span>
    </p>
   </div>
   <div class='ocr_carea' id='block_1_7' title="bbox 291 1762 1383 2360">
    <p class='ocr_par' dir='ltr' id='par_1_7' title="bbox 291 1762 1383 2360">
     <span class='ocr_line' id='line_1_13' title="bbox 291 1762 1383 1861; baseline -0.005 -24"><span class='ocrx_word' id='word_1_83' title='bbox 291 1764 514 1837; x_wconf 84' lang='lat' dir='ltr'>lllichaelem</span> <span class='ocrx_word' id='word_1_84' title='bbox 534 1764 792 1861; x_wconf 86' lang='lat' dir='ltr'>praepositum</span> <span class='ocrx_word' id='word_1_85' title='bbox 811 1767 856 1836; x_wconf 90' lang='lat' dir='ltr'>de</span> <span class='ocrx_word' id='word_1_86' title='bbox 875 1766 1144 1860; x_wconf 79' lang='lat' dir='ltr'>Wyszegraclo,</span> <span class='ocrx_word' id='word_1_87' title='bbox 1168 1762 1294 1835; x_wconf 84' lang='lat' dir='ltr'>linitus</span> <span class='ocrx_word' id='word_1_88' title='bbox 1314 1784 1383 1857; x_wconf 88' lang='lat' dir='ltr'>per</span> 
     </span>
     <span class='ocr_line' id='line_1_14' title="bbox 292 1863 1383 1959; baseline -0.007 -20"><span class='ocrx_word' id='word_1_89' title='bbox 292 1865 526 1939; x_wconf 87' lang='lat' dir='ltr'>Clementem</span> <span class='ocrx_word' id='word_1_90' title='bbox 545 1865 774 1937; x_wconf 87' lang='lat' dir='ltr'>Dobeslaum</span> <span class='ocrx_word' id='word_1_91' title='bbox 793 1867 839 1937; x_wconf 79' lang='lat' dir='ltr'>cle</span> <span class='ocrx_word' id='word_1_92' title='bbox 854 1863 1059 1959; x_wconf 89' lang='lat' dir='ltr'>Pedimin0,</span> <span class='ocrx_word' id='word_1_93' title='bbox 1077 1863 1249 1957; x_wconf 86' lang='lat' dir='ltr'>dyocesis</span> <span class='ocrx_word' id='word_1_94' title='bbox 1265 1865 1383 1955; x_wconf 85' lang='lat' dir='ltr'>Cuya·</span> 
     </span>
     <span class='ocr_line' id='line_1_15' title="bbox 292 1962 1380 2061; baseline -0.007 -23"><span class='ocrx_word' id='word_1_95' title='bbox 292 1965 434 2038; x_wconf 86' lang='lat' dir='ltr'>viensis</span> <span class='ocrx_word' id='word_1_96' title='bbox 456 1965 512 2038; x_wconf 87' lang='grc'>15.</span> <span class='ocrx_word' id='word_1_97' title='bbox 531 1965 611 2037; x_wconf 89' lang='lat' dir='ltr'>Kal.</span> <span class='ocrx_word' id='word_1_98' title='bbox 629 1964 802 2061; x_wconf 84' lang='lat' dir='ltr'>Augusti,</span> <span class='ocrx_word' id='word_1_99' title='bbox 821 1964 927 2061; x_wconf 89' lang='lat' dir='ltr'>quasi</span> <span class='ocrx_word' id='word_1_100' title='bbox 947 1965 1039 2036; x_wconf 88' lang='lat' dir='ltr'>hora</span> <span class='ocrx_word' id='word_1_101' title='bbox 1056 1962 1174 2036; x_wconf 85' lang='lat' dir='ltr'>tercia</span> <span class='ocrx_word' id='word_1_102' title='bbox 1193 1967 1262 2035; x_wconf 89' lang='lat' dir='ltr'>sub</span> <span class='ocrx_word' id='word_1_103' title='bbox 1282 1984 1380 2033; x_wconf 90' lang='lat' dir='ltr'>anno</span> 
     </span>
     <span class='ocr_line' id='line_1_16' title="bbox 291 2061 1381 2158; baseline -0.006 -19"><span class='ocrx_word' id='word_1_104' title='bbox 291 2063 439 2142; x_wconf 90' lang='lat' dir='ltr'>Domini</span> <span class='ocrx_word' id='word_1_105' title='bbox 462 2065 569 2139; x_wconf 83' lang='lat'><strong>1359.</strong></span> <span class='ocrx_word' id='word_1_106' title='bbox 620 2063 777 2138; x_wconf 82' lang='lat' dir='ltr'>Annales</span> <span class='ocrx_word' id='word_1_107' title='bbox 795 2073 913 2138; x_wconf 82' lang='lat' dir='ltr'>cratem</span> <span class='ocrx_word' id='word_1_108' title='bbox 932 2066 1055 2158; x_wconf 86' lang='lat' dir='ltr'>scripti</span> <span class='ocrx_word' id='word_1_109' title='bbox 1080 2070 1164 2136; x_wconf 88' lang='lat' dir='ltr'>sunt</span> <span class='ocrx_word' id='word_1_110' title='bbox 1184 2063 1281 2150; x_wconf 75' lang='lat' dir='ltr'>foliis</span> <span class='ocrx_word' id='word_1_111' title='bbox 1310 2061 1381 2134; x_wconf 89' lang='grc'><strong>136</strong></span> 
     </span>
     <span class='ocr_line' id='line_1_17' title="bbox 294 2163 1382 2260; baseline -0.005 -22"><span class='ocrx_word' id='word_1_112' title='bbox 294 2169 427 2259; x_wconf 83' lang='grc'><strong>-138,</strong></span> <span class='ocrx_word' id='word_1_113' title='bbox 448 2188 541 2260; x_wconf 81' lang='lat' dir='ltr'>quae</span> <span class='ocrx_word' id='word_1_114' title='bbox 557 2165 673 2237; x_wconf 88' lang='lat' dir='ltr'>medio</span> <span class='ocrx_word' id='word_1_115' title='bbox 691 2167 728 2235; x_wconf 88' lang='lat' dir='ltr'>in</span> <span class='ocrx_word' id='word_1_116' title='bbox 745 2163 867 2238; x_wconf 89' lang='lat' dir='ltr'>codice</span> <span class='ocrx_word' id='word_1_117' title='bbox 884 2165 999 2259; x_wconf 74' lang='lat' dir='ltr'>lipato</span> <span class='ocrx_word' id='word_1_118' title='bbox 1024 2188 1095 2236; x_wconf 92' lang='lat' dir='ltr'>non</span> <span class='ocrx_word' id='word_1_119' title='bbox 1121 2167 1242 2236; x_wconf 89' lang='lat' dir='ltr'>statim</span> <span class='ocrx_word' id='word_1_120' title='bbox 1268 2183 1382 2256; x_wconf 88' lang='lat' dir='ltr'>appa-</span> 
     </span>
     <span class='ocr_line' id='line_1_18' title="bbox 293 2264 1381 2360; baseline -0.006 -22"><span class='ocrx_word' id='word_1_121' title='bbox 293 2273 373 2339; x_wconf 87' lang='lat' dir='ltr'>rent</span> <span class='ocrx_word' id='word_1_122' title='bbox 387 2264 567 2337; x_wconf 82' lang='lat' dir='ltr'>evolventi.</span> <span class='ocrx_word' id='word_1_123' title='bbox 627 2264 759 2358; x_wconf 82' lang='lat' dir='ltr'>Seripti</span> <span class='ocrx_word' id='word_1_124' title='bbox 779 2271 863 2337; x_wconf 89' lang='lat' dir='ltr'>sunt</span> <span class='ocrx_word' id='word_1_125' title='bbox 885 2271 1004 2337; x_wconf 88' lang='lat' dir='ltr'>autem</span> <span class='ocrx_word' id='word_1_126' title='bbox 1028 2264 1215 2360; x_wconf 81' lang='lat' dir='ltr'>usquead</span> <span class='ocrx_word' id='word_1_127' title='bbox 1247 2285 1381 2334; x_wconf 90' lang='lat' dir='ltr'>annum</span> 
     </span>
    </p>
   </div>
   <div class='ocr_carea' id='block_1_8' title="bbox 292 2362 1516 2661">
    <p class='ocr_par' dir='ltr' id='par_1_8' title="bbox 292 2362 1516 2661">
     <span class='ocr_line' id='line_1_19' title="bbox 296 2362 1516 2460; baseline -0.007 -21"><span class='ocrx_word' id='word_1_128' title='bbox 296 2369 390 2440; x_wconf 87' lang='grc'><strong>1338</strong></span> <span class='ocrx_word' id='word_1_129' title='bbox 410 2389 483 2436; x_wconf 91' lang='lat' dir='ltr'>una</span> <span class='ocrx_word' id='word_1_130' title='bbox 502 2363 697 2460; x_wconf 84' lang='lat' dir='ltr'>eademque</span> <span class='ocrx_word' id='word_1_131' title='bbox 715 2388 826 2437; x_wconf 80' lang='lat' dir='ltr'>rrtanu</span> <span class='ocrx_word' id='word_1_132' title='bbox 842 2389 939 2436; x_wconf 89' lang='lat' dir='ltr'>saec.</span> <span class='ocrx_word' id='word_1_133' title='bbox 963 2364 1054 2457; x_wconf 87' lang='lat' dir='ltr'>XIV,</span> <span class='ocrx_word' id='word_1_134' title='bbox 1070 2363 1222 2459; x_wconf 86' lang='lat' dir='ltr'>pulchra</span> <span class='ocrx_word' id='word_1_135' title='bbox 1240 2362 1382 2459; x_wconf 82' lang='lat' dir='ltr'>quidem</span> <span class='ocrx_word' id='word_1_136' title='bbox 1512 2391 1516 2417; x_wconf 62' lang='grc' dir='ltr'>ι</span> 
     </span>
     <span class='ocr_line' id='line_1_20' title="bbox 292 2464 1515 2562; baseline -0.007 -22"><span class='ocrx_word' id='word_1_137' title='bbox 292 2474 329 2540; x_wconf 88' lang='lat' dir='ltr'>et</span> <span class='ocrx_word' id='word_1_138' title='bbox 343 2466 506 2561; x_wconf 78' lang='lat' dir='ltr'>elepanti,</span> <span class='ocrx_word' id='word_1_139' title='bbox 526 2465 811 2537; x_wconf 80' lang='lat' dir='ltr'>abbreviationes</span> <span class='ocrx_word' id='word_1_140' title='bbox 836 2467 977 2538; x_wconf 88' lang='lat' dir='ltr'>nonnisi</span> <span class='ocrx_word' id='word_1_141' title='bbox 1003 2468 1158 2539; x_wconf 86' lang='lat' dir='ltr'>usitatas</span> <span class='ocrx_word' id='word_1_142' title='bbox 1185 2464 1381 2537; x_wconf 85' lang='lat' dir='ltr'>adhibente.</span> <span class='ocrx_word' id='word_1_143' title='bbox 1514 2507 1515 2562; x_wconf 55' lang='lat'>,</span> 
     </span>
     <span class='ocr_line' id='line_1_21' title="bbox 292 2564 1515 2661; baseline -0.007 -21"><span class='ocrx_word' id='word_1_144' title='bbox 292 2564 344 2640; x_wconf 83' lang='lat' dir='ltr'>Ab</span> <span class='ocrx_word' id='word_1_145' title='bbox 364 2589 461 2638; x_wconf 89' lang='lat' dir='ltr'>anno</span> <span class='ocrx_word' id='word_1_146' title='bbox 483 2566 579 2637; x_wconf 87' lang='grc'><strong>1339</strong></span> <span class='ocrx_word' id='word_1_147' title='bbox 598 2564 679 2637; x_wconf 88' lang='lat' dir='ltr'>inde</span> <span class='ocrx_word' id='word_1_148' title='bbox 696 2588 808 2661; x_wconf 81' lang='lat' dir='ltr'>usque</span> <span class='ocrx_word' id='word_1_149' title='bbox 826 2565 877 2638; x_wconf 92' lang='lat' dir='ltr'>ud</span> <span class='ocrx_word' id='word_1_150' title='bbox 892 2569 996 2653; x_wconf 80' lang='lat' dir='ltr'>tinem</span> <span class='ocrx_word' id='word_1_151' title='bbox 1014 2567 1141 2636; x_wconf 87' lang='lat' dir='ltr'>variae</span> <span class='ocrx_word' id='word_1_152' title='bbox 1158 2588 1289 2635; x_wconf 80' lang='lat' dir='ltr'>mernus</span> <span class='ocrx_word' id='word_1_153' title='bbox 1305 2584 1383 2634; x_wconf 89' lang='lat' dir='ltr'>sese</span> <span class='ocrx_word' id='word_1_154' title='bbox 1514 2565 1515 2582; x_wconf 67' lang='lat'><em>²</em></span> 
     </span>
    </p>
   </div>
   <div class='ocr_carea' id='block_1_9' title="bbox 291 2660 1386 3161">
    <p class='ocr_par' dir='ltr' id='par_1_9' title="bbox 291 2660 1386 3161">
     <span class='ocr_line' id='line_1_22' title="bbox 295 2660 1384 2760; baseline -0.006 -21"><span class='ocrx_word' id='word_1_155' title='bbox 295 2668 481 2759; x_wconf 76' lang='lat' dir='ltr'>excipiunt.</span> <span class='ocrx_word' id='word_1_156' title='bbox 507 2660 1384 2760; x_wconf 75' lang='lat' dir='ltr'>Ideoqueabhocannocodecnosterautopropbi</span> 
     </span>
     <span class='ocr_line' id='line_1_23' title="bbox 291 2760 1386 2863; baseline -0.005 -25"><span class='ocrx_word' id='word_1_157' title='bbox 291 2773 416 2863; x_wconf 88' lang='lat' dir='ltr'>partes</span> <span class='ocrx_word' id='word_1_158' title='bbox 433 2766 500 2838; x_wconf 87' lang='lat' dir='ltr'>sibi</span> <span class='ocrx_word' id='word_1_159' title='bbox 527 2764 695 2859; x_wconf 88' lang='lat' dir='ltr'>vindicat,</span> <span class='ocrx_word' id='word_1_160' title='bbox 719 2788 928 2861; x_wconf 83' lang='lat' dir='ltr'>quanquam</span> <span class='ocrx_word' id='word_1_161' title='bbox 953 2766 1139 2837; x_wconf 74' lang='lat' dir='ltr'>statuerim</span> <span class='ocrx_word' id='word_1_162' title='bbox 1164 2764 1305 2858; x_wconf 88' lang='lat' dir='ltr'>copiam</span> <span class='ocrx_word' id='word_1_163' title='bbox 1330 2760 1386 2833; x_wconf 87' lang='lat' dir='ltr'>ael</span> 
     </span>
     <span class='ocr_line' id='line_1_24' title="bbox 295 2861 1382 2958; baseline -0.006 -19"><span class='ocrx_word' id='word_1_164' title='bbox 295 2866 447 2939; x_wconf 82' lang='lat' dir='ltr'>alterurn</span> <span class='ocrx_word' id='word_1_165' title='bbox 466 2863 598 2937; x_wconf 88' lang='lat' dir='ltr'>codicis</span> <span class='ocrx_word' id='word_1_166' title='bbox 625 2865 817 2938; x_wconf 78' lang='lat' dir='ltr'>authentici</span> <span class='ocrx_word' id='word_1_167' title='bbox 833 2889 930 2937; x_wconf 87' lang='lat' dir='ltr'>essee</span> <span class='ocrx_word' id='word_1_168' title='bbox 948 2888 1025 2937; x_wconf 89' lang='lat' dir='ltr'>eum</span> <span class='ocrx_word' id='word_1_169' title='bbox 1045 2863 1238 2958; x_wconf 80' lang='lat' dir='ltr'>esenrplor.</span> <span class='ocrx_word' id='word_1_170' title='bbox 1301 2861 1382 2934; x_wconf 74' lang='lat' dir='ltr'>liro</span> 
     </span>
     <span class='ocr_line' id='line_1_25' title="bbox 294 2960 1383 3039; baseline -0.006 0"><span class='ocrx_word' id='word_1_171' title='bbox 294 2967 499 3039; x_wconf 88' lang='lat' dir='ltr'>doctissimo</span> <span class='ocrx_word' id='word_1_172' title='bbox 519 2964 680 3038; x_wconf 87' lang='lat' dir='ltr'>Samueli</span> <span class='ocrx_word' id='word_1_173' title='bbox 695 2964 878 3039; x_wconf 81' lang='lat' dir='ltr'>Nubielslri</span> <span class='ocrx_word' id='word_1_174' title='bbox 904 2971 997 3037; x_wconf 87' lang='lat' dir='ltr'>certe</span> <span class='ocrx_word' id='word_1_175' title='bbox 1014 2963 1103 3037; x_wconf 87' lang='lat' dir='ltr'>liber</span> <span class='ocrx_word' id='word_1_176' title='bbox 1120 2964 1213 3036; x_wconf 85' lang='lat' dir='ltr'>alius</span> <span class='ocrx_word' id='word_1_177' title='bbox 1231 2970 1311 3035; x_wconf 90' lang='lat' dir='ltr'>erat</span> <span class='ocrx_word' id='word_1_178' title='bbox 1329 2960 1383 3033; x_wconf 89' lang='lat' dir='ltr'>ad</span> 
     </span>
     <span class='ocr_line' id='line_1_26' title="bbox 293 3065 1385 3161; baseline -0.006 -21"><span class='ocrx_word' id='word_1_179' title='bbox 293 3088 435 3140; x_wconf 89' lang='lat' dir='ltr'>manus.</span> <span class='ocrx_word' id='word_1_180' title='bbox 468 3065 648 3160; x_wconf 33' lang='lat' dir='ltr'>‘Lonpum</span> <span class='ocrx_word' id='word_1_181' title='bbox 672 3088 739 3161; x_wconf 88' lang='lat' dir='ltr'>per</span> <span class='ocrx_word' id='word_1_182' title='bbox 762 3072 899 3159; x_wconf 88' lang='lat' dir='ltr'>tempus</span> <span class='ocrx_word' id='word_1_183' title='bbox 925 3065 1047 3158; x_wconf 85' lang='lat' dir='ltr'>latuit,</span> <span class='ocrx_word' id='word_1_184' title='bbox 1073 3070 1183 3159; x_wconf 89' lang='lat' dir='ltr'>prout</span> <span class='ocrx_word' id='word_1_185' title='bbox 1207 3068 1385 3136; x_wconf 87' lang='lat' dir='ltr'>testantur</span> 
     </span>
    </p>
   </div>
   <div class='ocr_carea' id='block_1_10' title="bbox 294 3163 1515 3459">
    <p class='ocr_par' dir='ltr' id='par_1_10' title="bbox 294 3163 1515 3459">
     <span class='ocr_line' id='line_1_27' title="bbox 294 3163 1515 3259; baseline -0.006 -20"><span class='ocrx_word' id='word_1_186' title='bbox 294 3166 404 3239; x_wconf 89' lang='lat' dir='ltr'>verba</span> <span class='ocrx_word' id='word_1_187' title='bbox 422 3166 584 3251; x_wconf 77' lang='lat' dir='ltr'>infcriori</span> <span class='ocrx_word' id='word_1_188' title='bbox 599 3165 678 3252; x_wconf 76' lang='lat' dir='ltr'>foti</span> <span class='ocrx_word' id='word_1_189' title='bbox 695 3168 754 3237; x_wconf 82' lang='lat'>70.</span> <span class='ocrx_word' id='word_1_190' title='bbox 780 3167 937 3259; x_wconf 64' lang='lat' dir='ltr'>marcini</span> <span class='ocrx_word' id='word_1_191' title='bbox 954 3164 1140 3257; x_wconf 88' lang='lat' dir='ltr'>adscripto</span> <span class='ocrx_word' id='word_1_192' title='bbox 1165 3163 1277 3235; x_wconf 85' lang='lat' dir='ltr'>baec:</span> <span class='ocrx_word' id='word_1_193' title='bbox 1302 3163 1383 3258; x_wconf 74' lang='lat' dir='ltr'>Ego</span> <span class='ocrx_word' id='word_1_194' title='bbox 1514 3239 1515 3246; x_wconf 7' lang='grc' dir='ltr'>ἵ</span> 
     </span>
     <span class='ocr_line' id='line_1_28' title="bbox 294 3255 1515 3361; baseline -0.007 -20"><span class='ocrx_word' id='word_1_195' title='bbox 294 3266 458 3341; x_wconf 50' lang='lat' dir='ltr'>ihomas</span> <span class='ocrx_word' id='word_1_196' title='bbox 473 3264 687 3359; x_wconf 84' lang='lat' dir='ltr'>Guzowski,</span> <span class='ocrx_word' id='word_1_197' title='bbox 706 3275 914 3355; x_wconf 81' lang='lat' dir='ltr'>conventus</span> <span class='ocrx_word' id='word_1_198' title='bbox 929 3263 1119 3361; x_wconf 82' lang='lat' dir='ltr'>generalis</span> <span class='ocrx_word' id='word_1_199' title='bbox 1132 3261 1385 3334; x_wconf 88' lang='lat' dir='ltr'>bliechovien·</span> <span class='ocrx_word' id='word_1_200' title='bbox 1514 3255 1515 3264; x_wconf 67' lang='grc'>’</span> 
     </span>
     <span class='ocr_line' id='line_1_29' title="bbox 296 3362 1515 3459; baseline -0.006 -20"><span class='ocrx_word' id='word_1_201' title='bbox 296 3364 348 3439; x_wconf 88' lang='lat' dir='ltr'>sis</span> <span class='ocrx_word' id='word_1_202' title='bbox 368 3364 596 3459; x_wconf 78' lang='lat' dir='ltr'>vicecust0S,</span> <span class='ocrx_word' id='word_1_203' title='bbox 614 3365 915 3438; x_wconf 83' lang='lat' dir='ltr'>bibliothecarius</span> <span class='ocrx_word' id='word_1_204' title='bbox 936 3375 973 3436; x_wconf 91' lang='lat' dir='ltr'>et</span> <span class='ocrx_word' id='word_1_205' title='bbox 997 3362 1212 3457; x_wconf 87' lang='lat' dir='ltr'>archivista,</span> <span class='ocrx_word' id='word_1_206' title='bbox 1240 3362 1383 3433; x_wconf 86' lang='lat' dir='ltr'>electus</span> <span class='ocrx_word' id='word_1_207' title='bbox 1514 3387 1515 3440; x_wconf 70' lang='grc'><strong>1</strong></span> 
     </span>
    </p>
   </div>
   <div class='ocr_carea' id='block_1_11' title="bbox 295 3462 1387 3865">
    <p class='ocr_par' dir='ltr' id='par_1_11' title="bbox 295 3462 1387 3865">
     <span class='ocr_line' id='line_1_30' title="bbox 296 3462 1385 3563; baseline -0.006 -25"><span class='ocrx_word' id='word_1_208' title='bbox 296 3476 445 3538; x_wconf 88' lang='lat' dir='ltr'>curator</span> <span class='ocrx_word' id='word_1_209' title='bbox 464 3464 751 3563; x_wconf 83' lang='lat' dir='ltr'>Uniejoviensis,</span> <span class='ocrx_word' id='word_1_210' title='bbox 770 3467 870 3537; x_wconf 92' lang='lat' dir='ltr'>hunc</span> <span class='ocrx_word' id='word_1_211' title='bbox 888 3466 1021 3537; x_wconf 87' lang='lat' dir='ltr'>librum</span> <span class='ocrx_word' id='word_1_212' title='bbox 1041 3463 1165 3536; x_wconf 92' lang='lat' dir='ltr'>inveni</span> <span class='ocrx_word' id='word_1_213' title='bbox 1192 3462 1289 3534; x_wconf 90' lang='lat' dir='ltr'>inter</span> <span class='ocrx_word' id='word_1_214' title='bbox 1308 3486 1385 3533; x_wconf 90' lang='lat' dir='ltr'>ma·</span> 
     </span>
     <span class='ocr_line' id='line_1_31' title="bbox 295 3562 1385 3664; baseline -0.006 -26"><span class='ocrx_word' id='word_1_215' title='bbox 295 3564 509 3664; x_wconf 87' lang='lat' dir='ltr'>nuscriptos</span> <span class='ocrx_word' id='word_1_216' title='bbox 528 3566 642 3639; x_wconf 91' lang='lat' dir='ltr'>libros</span> <span class='ocrx_word' id='word_1_217' title='bbox 661 3566 698 3637; x_wconf 94' lang='lat' dir='ltr'>in</span> <span class='ocrx_word' id='word_1_218' title='bbox 723 3565 959 3660; x_wconf 67' lang='lat' dir='ltr'>bibliotheca,</span> <span class='ocrx_word' id='word_1_219' title='bbox 985 3564 1022 3635; x_wconf 91' lang='lat' dir='ltr'>in</span> <span class='ocrx_word' id='word_1_220' title='bbox 1050 3588 1123 3662; x_wconf 90' lang='lat' dir='ltr'>quo</span> <span class='ocrx_word' id='word_1_221' title='bbox 1149 3562 1272 3661; x_wconf 84' lang='lat' dir='ltr'>reperi</span> <span class='ocrx_word' id='word_1_222' title='bbox 1301 3571 1385 3633; x_wconf 86' lang='lat' dir='ltr'>acta</span> 
     </span>
     <span class='ocr_line' id='line_1_32' title="bbox 296 3661 1387 3764; baseline -0.005 -24"><span class='ocrx_word' id='word_1_223' title='bbox 296 3676 504 3740; x_wconf 88' lang='lat' dir='ltr'>conventus</span> <span class='ocrx_word' id='word_1_224' title='bbox 524 3666 712 3764; x_wconf 82' lang='lat' dir='ltr'>generalis</span> <span class='ocrx_word' id='word_1_225' title='bbox 732 3664 1042 3761; x_wconf 88' lang='lat' dir='ltr'>hbiechoviensis,</span> <span class='ocrx_word' id='word_1_226' title='bbox 1067 3664 1104 3736; x_wconf 90' lang='lat' dir='ltr'>in</span> <span class='ocrx_word' id='word_1_227' title='bbox 1125 3664 1247 3737; x_wconf 89' lang='lat' dir='ltr'>medio</span> <span class='ocrx_word' id='word_1_228' title='bbox 1272 3661 1387 3758; x_wconf 82' lang='lat' dir='ltr'>itlius,</span> 
     </span>
     <span class='ocr_line' id='line_1_33' title="bbox 297 3766 1385 3865; baseline -0.005 -27"><span class='ocrx_word' id='word_1_229' title='bbox 297 3791 413 3865; x_wconf 86' lang='lat' dir='ltr'>quare</span> <span class='ocrx_word' id='word_1_230' title='bbox 445 3767 572 3840; x_wconf 85' lang='lat' dir='ltr'>statim</span> <span class='ocrx_word' id='word_1_231' title='bbox 604 3766 712 3841; x_wconf 89' lang='lat' dir='ltr'>retuli</span> <span class='ocrx_word' id='word_1_232' title='bbox 744 3770 791 3839; x_wconf 87' lang='lat' dir='ltr'>ad</span> <span class='ocrx_word' id='word_1_233' title='bbox 822 3766 1030 3838; x_wconf 88' lang='lat' dir='ltr'>archivium</span> <span class='ocrx_word' id='word_1_234' title='bbox 1055 3791 1087 3837; x_wconf 89' lang='lat' dir='ltr'>a.</span> <span class='ocrx_word' id='word_1_235' title='bbox 1118 3769 1212 3838; x_wconf 84' lang='grc'><strong>1776</strong></span> <span class='ocrx_word' id='word_1_236' title='bbox 1232 3772 1385 3861; x_wconf 83' lang='lat' dir='ltr'>propter</span> 
     </span>
    </p>
   </div>
   <div class='ocr_carea' id='block_1_12' title="bbox 295 3859 1516 4063">
    <p class='ocr_par' dir='ltr' id='par_1_12' title="bbox 295 3859 1516 4063">
     <span class='ocr_line' id='line_1_34' title="bbox 323 3859 1516 3963; baseline -0.006 -24"><span class='ocrx_word' id='word_1_237' title='bbox 323 3868 568 3940; x_wconf 84' lang='lat' dir='ltr'>osteritatem.</span> <span class='ocrx_word' id='word_1_238' title='bbox 622 3870 783 3941; x_wconf 81' lang='lat' dir='ltr'>Continet</span> <span class='ocrx_word' id='word_1_239' title='bbox 804 3866 917 3939; x_wconf 79' lang='lat' dir='ltr'>roden</span> <span class='ocrx_word' id='word_1_240' title='bbox 935 3890 1072 3963; x_wconf 83' lang='lat' dir='ltr'>quoque</span> <span class='ocrx_word' id='word_1_241' title='bbox 1092 3868 1203 3937; x_wconf 88' lang='lat' dir='ltr'>uitam</span> <span class='ocrx_word' id='word_1_242' title='bbox 1221 3865 1258 3937; x_wconf 88' lang='lat' dir='ltr'>S.</span> <span class='ocrx_word' id='word_1_243' title='bbox 1276 3861 1386 3936; x_wconf 80' lang='lat' dir='ltr'>Adol-</span> <span class='ocrx_word' id='word_1_244' title='bbox 1514 3859 1516 3866; x_wconf 80' lang='lat'>&#39;</span> 
     </span>
     <span class='ocr_line' id='line_1_35' title="bbox 295 3894 1386 4063; baseline -0.006 -23"><span class='ocrx_word' id='word_1_245' title='bbox 295 3894 386 4040; x_wconf 77' lang='lat' dir='ltr'>lorti</span> <span class='ocrx_word' id='word_1_246' title='bbox 403 3967 558 4063; x_wconf 87' lang='lat' dir='ltr'>apostoli</span> <span class='ocrx_word' id='word_1_247' title='bbox 576 3992 621 4040; x_wconf 92' lang='lat' dir='ltr'>ac</span> <span class='ocrx_word' id='word_1_248' title='bbox 638 3969 810 4062; x_wconf 74' lang='lat' dir='ltr'>martyris</span> <span class='ocrx_word' id='word_1_249' title='bbox 824 3973 972 4039; x_wconf 87' lang='lat' dir='ltr'>auctore</span> <span class='ocrx_word' id='word_1_250' title='bbox 988 3966 1063 4039; x_wconf 86' lang='lat' dir='ltr'>lob.</span> <span class='ocrx_word' id='word_1_251' title='bbox 1083 3967 1303 4059; x_wconf 84' lang='lat' dir='ltr'>Canupario.</span> <span class='ocrx_word' id='word_1_252' title='bbox 1321 3962 1386 4049; x_wconf 79' lang='lat' dir='ltr'>fol.</span> 
     </span>
    </p>
   </div>
   <div class='ocr_carea' id='block_1_13' title="bbox 299 4064 1387 4259">
    <p class='ocr_par' dir='ltr' id='par_1_13' title="bbox 299 4064 1387 4259">
     <span class='ocr_line' id='line_1_36' title="bbox 301 4064 1387 4164; baseline -0.006 -24"><span class='ocrx_word' id='word_1_253' title='bbox 301 4066 386 4141; x_wconf 80' lang='lat'>130‘</span> <span class='ocrx_word' id='word_1_254' title='bbox 411 4092 485 4164; x_wconf 83' lang='lat' dir='ltr'>sqq.</span> <span class='ocrx_word' id='word_1_255' title='bbox 536 4067 696 4161; x_wconf 82' lang='lat' dir='ltr'>Arndtio,</span> <span class='ocrx_word' id='word_1_256' title='bbox 724 4088 836 4163; x_wconf 64' lang='lat' dir='ltr'>‘quum</span> <span class='ocrx_word' id='word_1_257' title='bbox 861 4090 980 4139; x_wconf 89' lang='lat' dir='ltr'>mense</span> <span class='ocrx_word' id='word_1_258' title='bbox 1012 4066 1114 4138; x_wconf 89' lang='lat' dir='ltr'>lunio</span> <span class='ocrx_word' id='word_1_259' title='bbox 1140 4064 1387 4159; x_wconf 87' lang='lat' dir='ltr'>praecedentis</span> 
     </span>
     <span class='ocr_line' id='line_1_37' title="bbox 299 4162 1385 4259; baseline -0.006 -20"><span class='ocrx_word' id='word_1_260' title='bbox 299 4168 386 4239; x_wconf 88' lang='lat' dir='ltr'>anni</span> <span class='ocrx_word' id='word_1_261' title='bbox 404 4168 447 4240; x_wconf 93' lang='lat' dir='ltr'>de</span> <span class='ocrx_word' id='word_1_262' title='bbox 467 4168 658 4241; x_wconf 88' lang='lat' dir='ltr'>annalibus</span> <span class='ocrx_word' id='word_1_263' title='bbox 684 4172 814 4241; x_wconf 83' lang='lat' dir='ltr'>certior</span> <span class='ocrx_word' id='word_1_264' title='bbox 837 4171 960 4255; x_wconf 79' lang='lat' dir='ltr'>foetus</span> <span class='ocrx_word' id='word_1_265' title='bbox 984 4172 1077 4238; x_wconf 88' lang='lat' dir='ltr'>esset</span> <span class='ocrx_word' id='word_1_266' title='bbox 1099 4188 1166 4259; x_wconf 88' lang='lat' dir='ltr'>per</span> <span class='ocrx_word' id='word_1_267' title='bbox 1188 4162 1385 4259; x_wconf 80' lang='lat' dir='ltr'>Arrpustum</span> 
     </span>
    </p>
   </div>
   <div class='ocr_carea' id='block_1_14' title="bbox 169 4265 1388 4364">
    <p class='ocr_par' dir='ltr' id='par_1_14' title="bbox 169 4265 1388 4364">
     <span class='ocr_line' id='line_1_38' title="bbox 169 4265 1388 4364; baseline -0.011 -17"><span class='ocrx_word' id='word_1_268' title='bbox 169 4268 174 4277; x_wconf 80' lang='grc'>’</span> <span class='ocrx_word' id='word_1_269' title='bbox 298 4267 495 4362; x_wconf 81' lang='lat' dir='ltr'>Bielotosbi,</span> <span class='ocrx_word' id='word_1_270' title='bbox 515 4268 661 4363; x_wconf 77' lang='lat' dir='ltr'>bentqne</span> <span class='ocrx_word' id='word_1_271' title='bbox 672 4268 840 4364; x_wconf 82' lang='lat' dir='ltr'>praebuit</span> <span class='ocrx_word' id='word_1_272' title='bbox 856 4291 918 4341; x_wconf 89' lang='lat' dir='ltr'>eos</span> <span class='ocrx_word' id='word_1_273' title='bbox 931 4265 1151 4339; x_wconf 77' lang='lat' dir='ltr'>exscribendi</span> <span class='ocrx_word' id='word_1_274' title='bbox 1163 4266 1388 4338; x_wconf 86' lang='lat' dir='ltr'>occasionem</span> 
     </span>
    </p>
   </div>
   <div class='ocr_carea' id='block_1_15' title="bbox 0 0 1543 4900">
    <p class='ocr_par' dir='ltr' id='par_1_15' title="bbox 0 0 1543 4900">
     <span class='ocr_line' id='line_1_39' title="bbox 0 0 1543 4900; baseline 0 0"><span class='ocrx_word' id='word_1_275' title='bbox 0 0 1543 4900; x_wconf 95' lang='lat' dir='ltr'> </span> 
     </span>
    </p>
   </div>
  </div>
 </body>
</html>
