3050 4900
392 451 613 526 analabus
640 451 935 528 POLONORUM
962 452 989 536 1.
1191 455 1240 530 63

140 649 377 750 inspiciebat,
397 655 463 726 sed
478 654 641 726 habebat
655 655 836 749 quasdam
850 652 1061 726 bursiculas
1076 653 1240 729 clausas.

142 754 238 841 Quid
266 763 392 826 autem
418 753 455 824 in
482 755 537 826 eis
563 753 733 826 clausurn
761 753 918 848 fuisset,
945 753 1124 853 aspicere
1152 779 1239 852 pro·

140 854 304 926 bibebat.
340 854 604 950 Suspendebat
629 864 755 926 autem
776 854 858 926 illas
878 855 1088 928 bursiculas
1107 854 1236 952 singu-

139 953 197 1026 las
217 977 333 1052 super
351 954 520 1049 singulos
541 952 709 1026 infirmos
735 978 805 1051 per
829 965 993 1050 noctem,
1021 966 1058 1028 et
1085 955 1145 1051 qui
1175 979 1237 1028 su·

140 1057 277 1128 dabant
305 1079 350 1126 ex
376 1053 489 1126 huius
517 1054 770 1151 suspensione
803 1065 841 1127 et
868 1057 1030 1151 quedam
1062 1055 1239 1128 videbant

141 1153 314 1252 sompnia
343 1159 580 1251 curabantur,
606 1164 644 1227 et
667 1155 728 1252 qui
747 1178 836 1249 non,
863 1179 949 1226 non.
986 1155 1238 1252 Capiebantur

140 1264 268 1327 autern
284 1265 483 1351 serpentes
505 1258 602 1328 nuda
620 1279 733 1328 manu
745 1259 791 1327 ab
802 1255 1016 1330 hominibus
1036 1257 1236 1330 innomine

138 1354 301 1468 predicti
310 1355 476 1450 Nicolay,
496 1355 621 1427 nonin
639 1355 790 1427 nomine
806 1355 954 1430 Christi
990 1357 1135 1428 Nam
1104 1357 1236 1454 siquis

140 1455 178 1526 in
201 1455 353 1527 nomine
377 1455 515 1528 Christi
541 1456 655 1528 vellet
687 1479 824 1552 capere
850 1467 1089 1553 serpentem
1116 1458 1236 1529 eciam

141 1580 175 1628 ει
165 1554 321 1628 habuit
346 1579 501 1626 manum
524 1565 664 1628 tectam
690 1580 776 1628 cum
796 1567 984 1651 cyroteca,
1011 1557 1137 1628 statim
1156 1581 1236 1628 mo·

141 1654 278 1728 mordit
297 1680 382 1728 eum
404 1680 575 1753 serpens.
610 1658 664 1729 Ab
690 1657 762 1728 hoc
787 1667 914 1728 autem
940 1655 1129 1729 informati
1159 1659 1237 1755 qui·

142 1760 229 1829 darn
255 1756 394 1834 fratres¹
423 1759 469 1828 de
508 1755 635 1829 ordine
671 1756 951 1829 Predicatorum
986 1761 1237 1832 comedebant

139 1867 349 1953 serpentes.
385 1855 568 1931 Dominus
588 1857 708 1929 eciam
726 1857 863 1930 Lestco
883 1861 956 1931 dux
974 1857 1129 1952 Syradie
1148 1883 1235 1931 cum

138 1981 256 2030 uxore
282 1981 351 2030 sua
377 1956 556 2054 Griphina
581 1980 650 2053 per
677 1959 897 2029 mandatum
923 1957 1092 2030 eiusdem
1111 1958 1236 2033 Predi-

140 2057 277 2130 catoris
294 2059 429 2130 eodem
445 2081 544 2129 anno
557 2057 656 2154 cepit
673 2060 874 2130 comedere
886 2068 1099 2155 serpentes,
1116 2058 1236 2130 lacer-

138 2169 198 2231 tas
223 2167 260 2229 et
284 2182 411 2252 ranaS,
438 2167 591 2254 propter
613 2159 711 2254 quod
734 2156 803 2229 fuit
821 2158 1108 2231 abhominabilis
1133 2158 1236 2232 omni

137 2258 292 2357 populo,
318 2257 407 2330 licet
424 2257 562 2330 fuerint
589 2257 644 2330 eis
662 2258 772 2330 valde
790 2258 1046 2332 medicinales.

216 2361 324 2434 1279.
352 2359 525 2432 dominus
557 2358 820 2432 Wlostiborius
857 2359 1000 2432 electus
1028 2369 1086 2432 est
1110 2359 1149 2431 in
1176 2383 1235 2432 ar·
1246 2375 1325 2431 1278.

141 2458 422 2559 chiepiscopum
451 2460 738 2553 Gneznensem,
773 2463 840 2533 sed
869 2471 1019 2533 cassata
1057 2472 1116 2534 est
1152 2451 1335 2534 ιιίιιεΜ·23

140 2559 292 2632 eleccio.
420 2561 473 2633 Eo
516 2584 614 2632 anno
648 2560 841 2659 Philippus
885 2561 1086 2659 episcopus
1131 2562 1233 2637 sedis

138 2660 345 2759 apostolice
361 2660 570 2757 etleg‘atus,
589 2660 691 2735 venit
703 2661 741 2733 in
757 2661 962 2758 Ungariam
978 2673 1015 2735 et
1027 2662 1233 2759 Poloniam,

138 2760 201 2859 qui
221 2759 308 2833 fecit
322 2761 461 2834 multas
481 2761 773 2834 constituciones
792 2765 904 2835 duras
925 2774 962 2836 et
980 2761 1325 2860 duasepisco·1279,

136 2885 207 2959 pos
227 2860 440 2957 inUngaria
459 2861 707 2934 incarceravit
723 2872 920 2959 perpetuo.
971 2862 1111 2935 Eodem
1132 2888 1232 2936 anno
1242 2861 1343 2919 sat-¹4·

138 2961 228 3035 obiit
243 2961 439 3034 Bolezlaus
454 2960 619 3058 Polonie,
633 2961 694 3059 qui
706 2962 870 3036 habebat
882 2984 1038 3034 uxorem
1048 2964 1232 3059 loheleth,

135 3061 251 3135 filiam
276 3062 366 3135 Bele
391 3062 494 3159 regis
520 3063 769 3159 Ungarorum.
824 3064 899 3135 lste
930 3062 1129 3139 Bolezlaus
1165 3064 1233 3137 luit

135 3163 323 3235 maximus
342 3162 592 3260 triumphator
610 3162 908 3236 deTheutonicis
921 3173 958 3235 et
977 3164 1232 3262 virilishomo,

137 3262 222 3360 quia
242 3264 385 3335 nullum
404 3288 536 3360 regem
562 3287 842 3361 quemcumque
864 3263 1035 3361 timebat,
1007 3274 1231 3339 tmortaus

137 3364 291 3436 aldus
330 3363 478 3461 Aprilis.
607 3364 686 3437 lam
719 3364 817 3437 dicto
850 3389 949 3436 anno
976 3366 1295 3463 pugnantibusnr.
1277 3381 1340 3426 ⁷.

136 3367 329 3535 cruciferis
349 3466 395 3537 de
412 3467 523 3537 domo
539 3464 771 3537 Theutonica
791 3464 1160 3562 contraLithwanos,
1172 3491 1231 3539 ca-

136 3562 190 3661 pti
211 3576 297 3635 sunt
324 3565 395 3636 duo
415 3565 549 3638 fratres
570 3564 838 3637 cruciferorum
857 3590 880 3639 a
896 3564 1113 3661 Lithwanis,
1133 3592 1231 3664 quo·

133 3687 220 3735 rum
249 3686 344 3736 unus
373 3686 459 3735 cum
485 3665 619 3738 fuisset
638 3690 850 3764 suspensus
873 3689 990 3762 super
1007 3665 1231 3740 altissimam

133 3767 321 3859 arborem,
348 3786 467 3877 equus
495 3789 643 3863 quoque
670 3766 750 3839 eius
777 3771 846 3839 sub
863 3789 907 3837 eo
927 3790 1139 3863 suspensus
1159 3778 1231 3865 est,

132 3875 174 3938 ut
200 3862 397 3963 supposito
425 3862 514 3978 igne
549 3876 748 3978 atrumque
776 3889 893 3938 vorax
916 3864 1069 3938 flamma
1096 3890 1231 3941 consu-

133 3977 264 4039 meret
304 3965 379 4041 Sed
399 3965 537 4037 mirum
556 3964 593 4037 in
608 3970 761 4039 modum
782 3991 878 4064 equo
898 3966 987 4063 igne
1005 3980 1229 4067 consumpto

132 4077 305 4163 apertum
325 4077 386 4141 est
403 4066 527 4139 celum
554 4090 694 4181 super·
688 4068 912 4140 cruciferum
940 4076 979 4139 et
1001 4067 1064 4139 lux
1088 4094 1229 4166 magna

131 4168 325 4279 descendit
349 4193 465 4281 super
483 4192 590 4265 eum,
624 4179 661 4241 et
673 4168 812 4264 ignem
832 4168 1069 4267 suppositum
1089 4170 1228 4268 sparsit

130 4265 166 4339 in
199 4278 326 4366 partes
346 4269 526 4345 diversas
580 4271 750 4368 Cumque
778 4268 841 4341 lux
859 4269 922 4342 illa
947 4270 1198 4345 ascenderet
1188 4296 1226 4345 m
