3050 4900
289 461 336 536 91
527 455 742 531 ANNALES
770 454 1143 532 MECHOVIENSES.

290 670 417 734 autem
436 657 614 758 priorem,
633 659 678 728 ad
707 681 820 753 quem
847 681 932 729 cum
956 655 1158 756 praedictis
1188 652 1379 728 canonicis

290 760 453 858 pertinet
468 759 609 855 eligere
620 757 887 856 patriarcham,
902 759 963 856 qui
984 756 1107 831 osteis
1121 757 1204 829 loco
1223 754 1380 830 abbatis.

289 861 378 934 Inde
402 866 435 932 et
459 858 710 932 conventuales
738 858 1011 931 Mieclrovienses
1029 859 1176 931 subiecti
1193 863 1300 929 erant
1315 879 1380 949 pn·

290 960 472 1034 triarcbac
488 959 658 1054 ditatque
673 957 814 1032 adeum
833 981 956 1031 ornnes
972 961 1161 1052 praetores
1173 956 1380 1044 monasterii

289 1063 345 1134 sni
362 1083 498 1132 causas
516 1058 718 1146 afferebant
733 1061 806 1130 sine
823 1058 1039 1130 iudicandas
1060 1059 1132 1130 sire
1155 1055 1380 1151 probandas.

364 1161 406 1232 ln
423 1159 568 1232 edendis
586 1157 777 1230 annalibus
790 1157 1103 1230 Miecbouiensibns
1116 1158 1218 1228 nobis
1233 1160 1380 1251 praesto
1418 1192 1427 1208 ·

291 1263 439 1348 fuerunt
455 1258 615 1356 subsidia
633 1257 744 1330 baec:

370 1358 411 1456 1)
440 1359 559 1432 Codec
594 1357 823 1430 bibliothecae
863 1356 1059 1450 imperialis
1091 1355 1381 1449 Petropotitanae

292 1458 381 1530 mbr.
399 1461 434 1530 in
452 1458 516 1545 tol.
533 1460 696 1552 sipnatus
717 1467 753 1531 Λ.
772 1458 810 1529 F.
830 1456 911 1531 Otd.
931 1457 956 1530 l.
975 1457 1016 1529 N.
1035 1461 1094 1532 51.
1128 1456 1170 1526 In
1187 1460 1255 1543 fine
1277 1453 1382 1526 buius

291 1559 425 1632 codicis
448 1558 597 1653 lepimus
627 1557 738 1629 baec:
764 1557 921 1654 Explicit
954 1556 1048 1628 liber
1082 1578 1301 1628 sermonum
1335 1554 1381 1624 de

293 1657 448 1752 sanctis,
463 1657 615 1728 nomine
629 1656 870 1753 Peregrinus,
889 1666 1130 1753 comparatus
1146 1679 1215 1753 per
1228 1655 1383 1726 fratrem
1508 1722 1510 1727 ,

293 1757 516 1830 Michaelem
535 1757 794 1853 praepositum
813 1760 858 1829 de
876 1759 1146 1852 Wyszegredo,
1169 1755 1296 1828 finitus
1315 1776 1384 1851 per

293 1858 528 1931 Clementem
547 1857 776 1930 Dobeslaum
795 1860 840 1929 de
854 1856 1060 1952 Pedimino,
1079 1855 1251 1950 dyocesis
1266 1857 1384 1948 Cuya·

293 1957 435 2030 viensis
458 1958 513 2030 15.
532 1957 612 2029 Kal.
631 1957 803 2053 Augusti,
822 1957 928 2054 quasi
948 1958 1040 2028 hora
1059 1955 1174 2028 tercia
1195 1959 1264 2028 snb
1283 1977 1381 2026 anno

292 2057 441 2132 Domini
463 2057 570 2132 1359.
621 2055 779 2130 Annales
796 2065 915 2129 autem
933 2059 1056 2151 scripti
1080 2063 1165 2128 sant
1185 2057 1282 2142 foliis
1311 2055 1383 2127 136

296 2161 428 2252 -138,
449 2181 542 2252 pane
558 2157 674 2229 medio
692 2159 729 2229 in
746 2156 868 2230 codice
885 2158 1000 2251 tipata
1025 2180 1096 2229 non
1122 2159 1244 2229 statim
1269 2177 1383 2249 appa·

294 2266 374 2332 rent
389 2258 568 2330 evolventi.
628 2256 760 2352 Scripti
780 2264 865 2330 sunt
886 2263 1005 2329 antem
1029 2280 1140 2353 usque
1166 2256 1216 2330 ad
1248 2278 1382 2326 annum

297 2361 392 2432 1388
411 2380 485 2428 nna
503 2355 699 2453 cadentque
715 2381 827 2430 triana
844 2381 940 2430 saec.
964 2356 1055 2450 XIV,
1071 2355 1223 2452 palcina
1241 2355 1383 2452 quidem

294 2466 329 2532 et
345 2458 507 2553 deponit,
527 2458 812 2531 abbreviationes
836 2460 979 2531 nonnisi
1003 2460 1159 2531 usitatas
1186 2457 1382 2530 adhibente.

293 2557 345 2631 Ab
366 2581 463 2631 anno
485 2558 580 2630 1389
598 2558 680 2629 inde
697 2581 809 2653 usqne
826 2558 878 2630 ad
893 2562 997 2645 tinem
1015 2560 1142 2629 ocriae
1159 2580 1291 2629 uncinus
1306 2578 1383 2627 sese

296 2660 482 2752 encipinnt.
509 2656 662 2753 ideoque
674 2657 720 2729 ab
730 2658 799 2731 hoc
809 2681 905 2729 anno
916 2654 1385 2751 codecnosternntoprapbi

293 2764 418 2855 partes
434 2758 501 2830 sibi
528 2756 696 2852 vindicat,
720 2780 929 2854 quanquam
954 2760 1140 2830 statuerim
1165 2758 1307 2851 copiam
1331 2754 1387 2827 vei

296 2858 448 2931 alterurn
466 2856 599 2930 codicis
626 2858 817 2931 anthentici
835 2882 931 2931 essec
949 2880 1026 2930 eum
1046 2857 1239 2951 exemplar.
1303 2854 1383 2927 Vero

295 2959 500 3032 doctissimo
520 2956 680 3029 Sauracti
696 2956 879 3031 Nutricis-tri
905 2965 998 3031 certe
1016 2957 1215 3030 liberalius
1232 2962 1313 3028 eret
1331 2954 1384 3027 cd

294 3080 436 3131 manns.
487 3057 649 3152 Lonynm
673 3080 739 3151 per
762 3064 900 3151 tempas
925 3058 1048 3151 tatuit,
1073 3064 1183 3151 prout
1207 3060 1386 3129 testantur

295 3158 405 3231 verba
423 3158 585 3243 interiori
600 3157 678 3245 folii
696 3159 754 3229 70.
780 3159 938 3251 marpini
955 3157 1141 3250 adscripto
1166 3156 1278 3229 baec:
1304 3156 1384 3252 Ego

295 3258 459 3333 thomas
475 3255 687 3351 Guzowski,
707 3268 915 3348 conventus
930 3257 1119 3354 generalis
1133 3255 1386 3328 llliechovien·

297 3355 349 3431 sis
369 3356 596 3451 vicecustos,
614 3356 916 3431 bibliothecarius
937 3368 975 3430 et
998 3356 1213 3452 archivista,
1241 3357 1385 3428 electus

296 3467 446 3531 curator
465 3456 751 3554 Uniejoviensis,
771 3459 871 3531 hunc
888 3458 1022 3531 librum
1041 3457 1166 3530 inveni
1193 3456 1290 3529 inter
1309 3480 1387 3528 me-

296 3556 510 3655 nuscriptos
528 3557 642 3632 libros
662 3557 698 3630 in
724 3559 960 3652 bibliotheca,
986 3558 1022 3630 in
1051 3583 1124 3657 quo
1149 3558 1272 3656 reperi
1301 3566 1388 3629 acta

297 3668 504 3732 conventus
524 3658 713 3756 generalis
732 3658 1043 3756 bliechoviensis,
1068 3658 1106 3730 in
1126 3658 1248 3731 medio
1273 3656 1390 3753 illiuS,
1508 3742 1514 3751 Ι

297 3782 413 3858 quare
445 3758 573 3831 statim
604 3760 712 3834 retuli
745 3763 790 3832 ad
822 3759 1030 3833 archivium
1056 3785 1088 3831 a.
1118 3763 1213 3832 1776
1232 3767 1387 3855 propter

295 3860 568 4031 posteritatem.
622 3863 783 3934 Continet
804 3860 918 3933 codex
936 3883 1072 3956 quoqne
1093 3861 1203 3931 eitam
1221 3858 1258 3930 S.
1277 3857 1388 3929 Adcl-

320 3962 386 4032 crti
403 3961 558 4055 (prostati
576 3985 620 4033 ac
639 3963 810 4055 martyris
824 3967 972 4033 anctore
987 3960 1063 4032 Iob.
1084 3961 1303 4053 canapario.
1321 3957 1388 4044 fot.

301 4058 386 4134 130‘
411 4084 486 4155 sqq.
535 4058 696 4154 Arndtin,
720 4084 836 4156 paam
861 4083 981 4132 mense
1011 4060 1115 4133 Innio
1140 4057 1389 4154 praecedentis

299 4160 447 4231 anaide
467 4161 658 4233 annalibus
683 4166 815 4233 certior
838 4163 959 4247 factus
985 4166 1077 4232 esset
1100 4182 1166 4253 per
1189 4157 1387 4254 Aapnstnnr
1512 4231 1514 4240 ,

169 4258 174 4269 ’
298 4259 495 4353 Bielowslri,
515 4260 661 4356 benique
672 4261 840 4356 praebuit
856 4285 918 4334 eos
931 4258 1151 4334 exscribendi
1164 4260 1391 4332 occasionem
1512 4254 1514 4347 ζ

1512 4363 1514 4393 Ι
