3050 4900
289 450 339 524 td
391 445 575 522 CONTlN.
594 446 760 519 ANNAL.
781 446 1076 521 POLONORUM
1096 445 1111 519 l
1128 445 1188 521 ET
1207 445 1265 521 lll.

287 669 392 742 nere,
411 647 685 721 Dohrinensem
710 657 849 720 terram
878 658 914 719 et
941 659 1106 721 castrum
1135 658 1173 720 et
1197 647 1381 720 Bidcosce

287 747 386 819 aliud
412 758 578 820 castrum
598 747 666 820 sihi
686 747 926 844 resignantes
953 748 1048 821 datis
1069 749 1147 820 suis
1168 759 1206 819 et
1224 770 1380 820 suorum

287 857 325 919 et
342 847 510 944 ipsorum
529 847 738 921 civitatibus
759 847 895 919 civium
914 847 1046 919 litteris
1070 872 1186 945 super
1211 851 1304 920 duos
1324 872 1380 918 ar-

287 947 402 1022 bitros
438 948 613 1022 videlicet
641 972 772 1044 regem
809 947 974 1044 Ungarie
1015 973 1061 1020 ex
1099 959 1206 1044 parte
1237 958 1380 1043 nostra,

288 1058 325 1120 et
356 1073 487 1144 regem
515 1049 697 1121 Bohemie
721 1048 922 1143 negocium
951 1072 997 1119 ex
1015 1059 1123 1145 parte
1141 1049 1308 1144 ipsorum
1328 1048 1381 1119 di-

173 1167 224 1214 oa.
241 1147 483 1220 remiserunt.
535 1151 580 1220 Et
597 1148 763 1245 acceptis
790 1147 932 1243 treugis
959 1172 980 1218 a
1006 1149 1104 1220 festo
1133 1147 1253 1219 sancti
1279 1148 1379 1220 Luce

189 1278 238 1322 uu.
255 1275 277 1323 a.
287 1249 530 1344 ewangeliste
551 1273 669 1346 usque
696 1250 741 1320 ad
771 1249 911 1321 festum
939 1259 1069 1320 sancte
1097 1248 1286 1321 Trinitatis
1313 1272 1381 1321 rex

287 1359 418 1421 noster
437 1373 522 1420 cum
542 1373 635 1445 rege
654 1349 819 1445 Ungarie
843 1348 1076 1444 comparavit
1103 1359 1140 1420 et
1159 1348 1230 1445 ipsi
1249 1349 1378 1420 inter·

286 1448 386 1520 mino
407 1473 477 1521 nec
496 1473 628 1546 regem
647 1448 829 1521 Bohemie
848 1451 1081 1520 adduxerunt
1100 1473 1170 1520 nec
1189 1448 1258 1520 soli
1278 1472 1379 1519 com·

283 1560 500 1646 paruerunt.
552 1551 597 1622 Et
615 1549 671 1622 sic
689 1574 757 1647 per
775 1551 833 1620 fas
854 1559 891 1621 et
909 1550 1055 1645 nephas
1074 1573 1206 1644 regem
1226 1547 1378 1620 Polonie

284 1651 331 1720 de
350 1658 449 1720 terra
469 1660 682 1722 evaserunt.
736 1649 807 1736 Qui
833 1649 869 1720 in
897 1673 1027 1720 eorum
1052 1658 1153 1721 terra
1183 1650 1228 1722 15
1247 1649 1377 1721 diebus

285 1748 388 1821 stetit
408 1759 445 1821 et
464 1750 542 1821 fere
562 1749 786 1821 adnichilata
812 1759 912 1821 terra
942 1774 1027 1821 cum
1047 1749 1125 1821 suis
1154 1752 1198 1822 ad
1225 1749 1378 1846 propria

283 1848 402 1921 rediit.
451 1851 582 1922 Fertur
599 1860 725 1922 autem
742 1852 839 1947 quod
855 1849 890 1921 in
911 1874 979 1921 suo
1000 1849 1164 1922 exercitu
1185 1849 1377 1922 duomilia

284 1959 322 2022 et
351 1960 501 2022 centum
529 1951 700 2047 galeatos
726 1949 911 2044 habuerit
947 1950 1103 2021 aliorum
1132 1974 1229 2046 eque
1256 1973 1377 2021 arma·

282 2059 405 2122 torum
432 2050 514 2122 sine
533 2050 652 2148 galeis
672 2074 790 2164 prope
809 2003 939 2146 vigiriti
958 2050 1072 2145 milia,
1098 2050 1212 2146 sagitt
1214 2051 1377 2121 ariorum

283 2161 321 2223 et
337 2150 495 2222 aliorum
507 2151 587 2223 fere
605 2151 757 2264 triginta
778 2150 905 2222 milia
896 2161 946 2222 rta
961 2153 1058 2263 quod
1072 2147 1279 2243 secundum
1298 2153 1376 2223 veri

282 2249 511 2324 relacionem
537 2252 723 2324 exercitus
752 2251 949 2324 Polonicus
976 2251 1173 2322 estimatus
1198 2250 1266 2321 fuit
1291 2246 1376 2348 plus

282 2375 394 2463 quam
414 2354 463 2426 50
488 2351 603 2424 milia
645 2352 713 2424 Hic
741 2375 807 2424 rex
832 2351 1068 2444 Wladyslaus
1094 2350 1237 2423 faciens
1264 2351 1377 2422 collo

192 2456 272 2511 ¹³³⁰·
250 2450 411 2577 3·quium
430 2452 467 2524 in
487 2455 584 2526 festo
605 2464 735 2526 sancte
754 2452 972 2525 Trinitatis
963 2478 999 2523 rn
1020 2452 1182 2526 Chaczin
1211 2450 1285 2523 lilio
1306 2477 1374 2525 suo

198 2529 469 2625 m¹'3'Kazimiro
497 2554 559 2651 qui
587 2558 744 2627 duxerat
767 2551 882 2624 filiam
909 2552 1093 2625 Gedimini
1122 2552 1226 2624 ducis
1245 2552 1376 2625 Litwa·

282 2675 438 2748 norum
472 2654 653 2726 maiorem
682 2653 894 2766 Poloniamp
923 2652 1141 2746 Syradiam,
1171 2652 1377 2747 Cuyaviam

279 2752 428 2826 tradidit
444 2755 726 2852 possidendam,
745 2753 992 2825 interminans
1013 2754 1080 2825 sibi
1107 2764 1145 2825 et
1168 2753 1376 2848 inculcans7

280 2864 321 2927 ut
346 2854 443 2927 sicut
465 2855 562 2949 ipse2
597 2855 648 2927 ita
682 2855 744 2926 ille
780 2856 898 2949 gades
926 2854 1034 2949 regni
1065 2855 1272 2925 reformare
1300 2863 1376 2925 stu·

279 2958 394 3028 deret.
447 2956 516 3028 Hic
541 2955 751 3028 Kazimirus
771 2954 928 3027 veniens
955 2954 992 3025 in
1020 2954 1225 3048 Poloniam7
1253 2954 1374 3025 ferea

278 3056 526 3152 possessione
545 3056 612 3129 fuit
627 3080 694 3153 per
708 3058 896 3152 quendam
909 3054 1149 3127 Vincencium
1168 3054 1373 3151 palatinum

278 3156 590 3251 Poznanieusem,
617 3181 730 3254 quem
748 3165 857 3254 pater
885 3154 964 3226 eius
992 3156 1205 3253 prefecerat
1229 3154 1374 3227 eisdem

277 3256 387 3328 terris
409 3266 534 3354 preter
552 3256 761 3351 Syradiam,
788 3256 988 3351 inpeditus,
1023 3265 1061 3327 et
1088 3255 1158 3328 nisi
1178 3256 1316 3327 milites
1335 3265 1374 3328 et

279 3356 472 3429 civitatum
492 3355 594 3431 cives
615 3358 789 3450 fuissent,
814 3367 956 3428 terram
984 3381 1004 3427 a
1024 3379 1116 3451 rege
1137 3366 1173 3428 et
1199 3354 1274 3426 filio
1302 3380 1372 3427 suo

277 3456 395 3529 voluit
420 3457 596 3530 alienare.
633 3457 825 3531 Predictns
852 3455 965 3552 igitur
994 3454 1231 3548 Vincendus,
1265 3456 1371 3551 regni

277 3557 469 3654 pessimus
506 3559 746 3630 defraudator
780 3567 818 3628 et
851 3556 995 3653 gemm,
1029 3556 1223 3654 inpaciens
1261 3556 1371 3628 huius

276 3657 520 3731 alienacionis
556 3658 652 3731 circa
681 3659 821 3731 festum
848 3667 978 3730 sancte
1005 3656 1121 3727 llllarie
1149 3658 1371 3753 lllagdalene

276 3758 408 3831 callide
429 3768 466 3831 et
484 3760 630 3831 occulte
662 3758 866 3831 cruciferos
894 3756 1033 3850 eduxit
1060 3756 1122 3853 qui
1147 3757 1226 3830 fere
1254 3760 1372 3850 Cuyass

275 3859 376 3931 viam
411 3870 448 3931 et
475 3858 689 3933 Wladislaw
714 3858 903 3931 civitatem
933 3867 1112 3954 ceperant
1138 3857 1209 3929 nisi
1234 3856 1371 3929 auxilio

275 3959 343 4032 Dei
363 3969 400 4031 et
418 3958 741 4057 propugnancium
761 3958 898 4031 virtute
916 3958 1052 4031 fuisset
1070 3958 1282 4051 defensata·
1309 3958 1372 4030 uhi

274 4058 346 4157 ipsi
366 4060 505 4134 barbati
531 4061 611 4133 fere
630 4063 812 4132 ducentos
830 4059 1005 4131 homines
1025 4059 1241 4131 amiser.uut
1277 4058 1375 4129 Tan·

275 4163 361 4232 dem
389 4186 410 4233 a
436 4160 585 4234 civitate
609 4185 694 4233 cum
719 4163 883 4275 dampno
912 4159 1181 4233 discesserunt.
1233 4159 1375 4270 Supra·

274 4260 394 4335 dictus
432 4261 546 4360 igitur
583 4252 853 4334 Vincencius
843 4285 948 4358 ipsos
984 4265 1158 4334 barbatos
1199 4268 1307 4331 caute
1334 4258 1372 4329 in
