3050 4900
254 473 343 544 ·100
509 466 725 542 ANNALES
751 466 1126 544 uucflovturtsts

157 691 212 741 uu.
224 690 261 740 1³.
347 667 453 742 1353.
482 667 641 753 infesto
670 669 938 765 penthecostes
965 669 1026 741 nix
1053 692 1191 767 magna
1216 669 1361 766 cecidit,

270 771 367 868 quod
392 769 637 841 trahebantur
654 769 757 864 ligna
782 769 818 840 in
838 769 1109 864 vehiculis,nec
1137 770 1205 841 fuit
1232 771 1361 842 circui·

269 880 330 942 tus
365 893 450 941 cum
484 868 737 966 processione.
814 871 955 942 Eodem
983 893 1081 942 anno
1110 881 1197 967 post
1220 870 1359 942 festum

157 983 261 1033 ¹³¹·20·
269 967 458 1042 Trinitatis
477 967 631 1042 Litwani
650 977 896 1041 vastaverunt
912 970 1115 1066 Lamburg‚
1144 970 1280 1043 multos
1299 994 1361 1042 oc·

270 1072 451 1243 mdeiblblbi
476 1166 562 1240 talis
581 1167 650 1238 fuit
676 1167 713 1239 in
731 1177 811 1240 tota
838 1167 1109 1241 christianitate
1136 1180 1173 1240 et
1199 1169 1361 1241 maxime

267 1269 305 1342 in
324 1293 444 1366 regno
472 1268 643 1363 Polonie7
678 1279 864 1364 regnante
891 1293 983 1366 rege
1009 1269 1196 1357 Kazimiro
1224 1279 1362 1341 morta·

267 1369 367 1465 litas7
405 1371 501 1467 quod
531 1369 590 1440 vix
624 1368 742 1440 tercia
775 1393 863 1467 pars
900 1369 1180 1442 christianitatis
1213 1384 1391 1441 reman-'

269 1480 373 1544 serat
398 1480 435 1541 et
459 1468 622 1541 maxime
649 1467 686 1540 in
711 1470 901 1543 Craeovia.
953 1469 1035 1558 Qua
1061 1470 1269 1542 mortalitas
1294 1470 1361 1543 im·

268 1573 468 1668 putabatur
485 1568 607 1641 Iudeis
628 1592 696 1666 per
713 1569 1038 1666 intoxicacionem,
1065 1571 1126 1667 qui
1153 1580 1241 1642 tunc
1266 1579 1361 1642 tem·

268 1670 370 1768 poris
391 1667 571 1743 Cracovie
591 1679 628 1740 et
647 1667 738 1740 alias
759 1673 1032 1742 cremabantur.
1100 1672 1241 1742 Eodem
1261 1694 1359 1742 anno

266 1767 815 1842 rexKazimirusintromiserat
831 1792 874 1841 se
898 1773 944 1842 de
963 1769 1361 1868 preposituraMecho·

266 1868 389 1943 viensi
441 1878 478 1941 et
528 1868 775 1940 constituerat
824 1871 1035 1942 secularem
1077 1880 1360 1967 procuratorem

264 1972 507 2046 Strzesonem
526 1972 572 2042 de
590 1969 837 2066 Pstrossicze,
857 1970 919 2068 qui
938 1971 1053 2042 multa
1071 1971 1171 2044 tedia
1184 1970 1360 2044 fratribus

267 2070 474 2170 generavit.

170 2188 257 2240 ror-⁶.
344 2175 451 2245 1370.
471 2169 560 2244 obiit
577 2169 785 2243 Kazimirus
804 2194 871 2242 rex
886 2169 1036 2242 Polonie
1055 2169 1113 2243 die
1128 2168 1256 2243 Martis
1274 2180 1362 2269 post

267 2271 366 2346 diem
386 2271 554 2370 omnium
579 2280 796 2343 sanctorum
821 2295 955 2343 mense
981 2270 1215 2344 Novembris.
1291 2272 1361 2344 Eo·

268 2375 353 2444 dem
380 2396 478 2444 anno
505 2369 630 2442 statim
660 2382 745 2469 post
763 2371 881 2468 ipsius
908 2370 1047 2443 obitum
1067 2372 1281 2444 restitutum
1301 2382 1361 2445 est

267 2482 439 2546 nostrum
470 2472 742 2545 monasterium
770 2472 1037 2545 Mechoviense
1064 2475 1109 2545 ad
1138 2473 1271 2544 fratres
1290 2481 1363 2570 per

268 2572 467 2646 concilium
485 2572 663 2646 nobilium
680 2583 717 2645 et
735 2575 916 2645 baronum
932 2572 1039 2669 regni
1053 2573 1091 2644 in
1110 2572 1258 2646 civitate
1273 2575 1361 2650 Cra·

269 2672 447 2747 coviensi.

169 2780 212 2828 ¹¹¹¹·
234 2782 257 2830 ⁶·
344 2777 451 2849 1371.
479 2772 664 2846 dominica
693 2772 751 2846 die
781 2771 818 2844 in
838 2782 970 2844 octava
991 2774 1276 2871 appostolorum
1294 2772 1361 2844 Po

265 2872 311 2946 tri
336 2886 374 2947 et
393 2874 496 2947 Pauli
520 2898 589 2973 per
607 2876 785 2946 domnum
811 2873 1063 2971 patriarcham
1093 2872 1359 2947 herusolimita-

264 2998 355 3047 num
383 2974 514 3050 Czcico
540 2975 577 3045 in
600 2974 878 3073 preposituram
905 2973 1147 3047 confirmatus
1172 2972 1362 3047 Mechovi-

264 3097 411 3171 ensem⁷
439 3078 574 3147 eodem
605 3076 663 3147 die
694 3075 811 3147 frater
840 3074 1051 3147 Stanislaus
1078 3075 1275 3169 Stoyconis
1312 3074 1360 3145 ad

263 3174 432 3248 ordinem
452 3185 663 3272 susceptus.

315 3277 422 3348 1377.
451 3284 635 3372 regnante
652 3298 744 3371 rege
763 3274 950 3347 Lodovico
968 3275 1131 3372 Ungarie
1147 3275 1185 3347 in
1204 3272 1359 3347 Polonia

263 3397 348 3445 cum
375 3385 495 3447 matre
522 3398 589 3447 sua
605 3374 796 3448 Elizabeth
815 3374 959 3472 regina,
978 3377 1112 3448 domus
1133 3375 1356 3450 Cracovien·
1504 3241 1509 3449 i

261 3473 314 3547 sis
335 3485 465 3548 sancte
483 3475 698 3571 Elyzabeth,
725 3477 796 3548 sita
824 3474 922 3547 inter
949 3476 1169 3550 Cracoviam
1195 3486 1233 3549 et
1249 3476 1358 3548 Kazi-

260 3575 409 3649 miriam
437 3575 474 3648 in
500 3575 581 3673 ripa
598 3574 699 3648 Visle
719 3575 821 3647 fluvii
849 3578 935 3647 data
964 3586 1022 3648 est
1048 3600 1117 3673 per
1134 3576 1273 3648 dictum
1297 3598 1357 3647 re·

260 3700 349 3773 gem
376 3687 413 3749 et
439 3675 578 3749 dictam
605 3675 777 3773 reginam
814 3675 934 3774 ipsius
969 3686 1130 3748 matrem
1165 3684 1356 3748 monaste·
1504 3755 1507 3792 4

258 3778 314 3849 rio
346 3786 475 3849 nostro
511 3776 783 3871 Mechoviensi,
824 3775 929 3848 cuius
956 3779 1090 3849 domus
1117 3776 1259 3873 primus
1287 3774 1357 3848 fuit

257 3877 473 3976 prepositus
495 3877 612 3949 frater
629 3874 846 3950 Marcissius
872 3877 1056 3974 plebanus
1082 3878 1128 3949 de
1155 3877 1292 3951 Sidlo'w
1318 3886 1357 3949 et
1505 3845 1507 3954 i

256 3978 561 4077 viceprocurator
578 3976 808 4051 Visliciensis
827 3976 929 4073 regis
948 3975 1125 4072 Kazmiri‚
1152 3978 1213 4074 qui
1238 3978 1357 4049 frater

256 4074 374 4176 super
398 4102 561 4174 murum,
597 4087 637 4150 ut
663 4076 732 4150 sibi
761 4079 834 4150 hoc
870 4088 929 4151 est
957 4100 1026 4174 per
1051 4100 1185 4173 regem
1213 4080 1355 4173 datum,

255 4179 414 4251 chorum
440 4177 601 4252 ecclesie
628 4178 720 4250 texit
747 4188 785 4250 et
811 4177 884 4250 alia
918 4176 1062 4251 edificia
1096 4177 1134 4248 in
1171 4188 1354 4275 quantum

255 4279 372 4354 valuit
395 4302 480 4353 cum
508 4278 692 4378 impensis
711 4281 758 4351 de
778 4281 891 4353 domo
917 4276 1177 4351 Mechoviensi
1212 4278 1354 4351 instau-
