3050 4900
265 349 317 426 oe
400 287 616 424 innatus
643 347 858 424 caurum
885 344 1234 423 cracoviensis,

266 549 484 624 abscondita
512 553 581 624 sub
608 547 754 645 modio,
784 547 1026 622 canonizatus
1045 571 1115 622 suo
1132 557 1305 646 tempore
1324 557 1363 626 et

265 651 470 748 kathalogo
490 659 707 722 sanctorum
727 648 923 722 martirum
947 648 1169 746 asscriptus,
1188 672 1259 722 sua
1276 673 1360 748 pro·

267 749 459 826 curatione
485 749 640 847 suisque
666 749 839 824 manibus
866 751 913 821 de
938 760 1040 823 terra
1066 749 1198 822 tumuli
1219 759 1280 823 est
1298 773 1361 823 ex·

267 861 411 952 ceptus.
447 851 515 923 Hic
542 849 656 946 igitur
679 850 751 922 hoc
769 848 960 948 epitaphio
984 859 1139 948 propter
1163 873 1231 923 sua
1250 860 1362 947 gestu

266 952 437 1050 preclara
455 975 525 1050 per
541 950 670 1048 iugem
689 950 849 1048 gloriam
867 949 1004 1024 meruit
1020 949 1259 1048 perhennari.

681 1050 942 1146 Epptoplrium:

317 1152 386 1226 llic
404 1150 502 1226 iacet
520 1149 682 1224 ecclesie
693 1153 824 1245 decus,
842 1150 1043 1248 hicpastor
1057 1155 1192 1249 bonus,
1208 1150 1272 1226 hic
1287 1149 1360 1226 llos

367 1250 531 1347 lusticie,
552 1249 641 1324 cleri
659 1251 844 1326 Prandota
863 1252 992 1347 presul
1009 1252 1140 1324 honor.

317 1352 387 1425 llic
404 1351 463 1425 via
482 1351 574 1448 veri,
591 1350 710 1449 gloria
730 1350 840 1447 cleri‚
859 1351 1043 1425 Praodota
1061 1362 1139 1425 tota

315 1453 414 1526 Laus
433 1450 567 1551 patrie,
584 1462 692 1550 pater
709 1451 859 1525 inclitus
878 1463 937 1526 est
956 1452 1050 1526 situs
1069 1452 1154 1525 aula
1173 1452 1316 1552 sophie.

752 1551 883 1626 Aliter:

317 1652 403 1725 Flos
419 1652 513 1725 situs
531 1651 680 1725 inclitus
699 1651 760 1724 hic
780 1651 869 1724 cleri
887 1652 966 1725 veri
984 1652 1045 1726 via
1063 1652 1159 1750 legis

370 1753 460 1849 Egis
478 1752 609 1852 presul
626 1776 745 1850 agaps
766 1753 949 1826 Prandota
967 1763 1045 1826 tota
1063 1751 1203 1850 gregis.

318 1851 387 1925 Hic
406 1876 516 1927 sacer
534 1877 555 1924 e
573 1852 717 1926 tumulo
735 1862 774 1924 te
792 1851 992 1947 Stanyzlae
1008 1853 1162 1947 levavit,
1189 1911 1192 1916 .

319 1953 372 2026 Te
391 1964 565 2028 sanctum
582 1954 718 2053 populo
740 1963 848 2125 pater
864 1954 963 2027 alme
980 1954 1140 2028 levando
1157 1953 1337 2052 probavit.

769 2054 802 2126 el
820 2056 891 2126 sic:

319 2153 387 2226 Hic
405 2164 579 2228 sanctum
596 2152 702 2226 titulo
721 2164 938 2227 sanctorum
957 2163 995 2227 te
1013 2153 1180 2227 sociavit.

167 2271 217 2318 oca
238 2271 260 2320 e.
343 2255 483 2328 Eodem
500 2278 598 2326 anno
614 2253 758 2326 scilicet
774 2255 879 2329 1266.
896 2255 1058 2352 septimo
1073 2255 1159 2328 llus
1178 2254 1363 2352 Octobris,

269 2352 329 2428 die
362 2354 532 2427 electioni
571 2376 640 2452 per
675 2353 878 2452 capitulum
912 2354 1164 2429 Cracuviense
1194 2354 1364 2453 legitime

269 2454 484 2553 assignato,
512 2457 672 2528 domnus
706 2456 841 2528 Paulus
870 2452 969 2530 filius
1002 2456 1147 2530 comitis
1178 2455 1363 2553 landonis,

270 2555 475 2629 canonicus
494 2554 777 2649 Cra'coviensis‚
802 2556 840 2628 in
869 2556 1088 2655 episcopum
1115 2580 1184 2656 per
1202 2556 1363 2631 arbitros

269 2656 493 2753 magistrum
505 2655 713 2729 Gerardum
733 2655 965 2753 prepositum
977 2657 1267 2753 Wizliciensem‚
1285 2680 1365 2734 ma-

269 2756 675 2853 gistrumStephanum
695 2766 732 2828 et
742 2755 908 2851 Wissom
928 2757 1199 2832 Cracovienses
1212 2756 1364 2831 canoni·

158 2889 208 2937 ou.
222 2880 348 2951 cacos,
376 2867 435 2930 est
451 2856 606 2932 electus.
634 2855 803 2929 Tandem
818 2851 953 2931 eodem
972 2882 1071 2931 anno
1089 2858 1127 2932 in
1155 2858 1213 2931 die
1232 2858 1362 2951 Syme·

268 2956 328 3031 nis
363 2969 401 3030 et
425 2956 514 3031 lude
540 2957 797 3056 apostolorum
833 2982 902 3057 per
936 2960 1114 3031 domnum
1150 2958 1364 3032 lanussium

268 3059 536 3229 gneznensem
571 3056 899 3156 archiepiscopum
932 3059 1001 3132 fuit
1032 3061 1070 3131 in
1096 3060 1251 3152 Uneyov
1278 3081 1365 3131 con-

296 3168 451 3231 rmalus.

157 3280 261 3330 aarum
347 3259 455 3332 1267.
489 3256 592 3332 ldem
612 3259 773 3331 domnus
798 3257 934 3331 Paulus
960 3261 1114 3331 sabbato
1132 3256 1168 3328 in
1185 3279 1258 3354 quo
1277 3279 1367 3329 can·

270 3367 385 3430 tatur:
412 3358 525 3430 latret
552 3361 694 3451 oracio,
730 3358 768 3429 in
791 3360 1029 3434 sacerdotem
1050 3368 1087 3430 et
1114 3356 1285 3454 proximo
1304 3380 1365 3431 se·

157 3485 260 3537 llutlt.
271 3456 399 3556 quenti
427 3456 486 3530 die
514 3457 700 3531 dominico
728 3481 801 3555 quo
823 3468 1011 3531 cantatur:
1042 3457 1294 3550 Remmium,
1324 3456 1364 3529 in

271 3559 492 3656 episcopum
515 3557 551 3629 in
569 3558 694 3630 Lelow
709 3582 778 3656 per
797 3561 975 3631 domnum
990 3556 1204 3630 lanussium
1221 3556 1365 3629 archie-

267 3658 466 3773 piscopum
478 3667 779 3752 consecratur‚et
796 3659 991 3732 tunc‘lacta
1011 3669 1071 3731 est
1088 3657 1211 3731 leticia
1226 3680 1365 3753 magna

268 3784 305 3832 m
320 3759 458 3857 populo
480 3769 558 3833 tam
578 3758 677 3831 clero
696 3783 810 3855 quam
827 3758 958 3856 laycis,
975 3757 1026 3832 ita
1046 3759 1167 3832 eciam
1182 3759 1279 3855 quod
1299 3756 1365 3829 leti

158 3878 226 3924 reor.
235 3876 256 3925 e.
268 3859 387 3933 festas
406 3862 547 3931 dtrxere
575 3880 719 3931 coreas.
771 3858 912 3934 Eodem
932 3883 1031 3933 anno
1050 3859 1088 3932 in
1114 3868 1247 3931 octava
1266 3856 1367 3955 puri·

267 3955 1367 4060 ficationissancteMarievenerabilispaterdomnusGuido

268 4058 434 4133 militans
453 4060 532 4133 Deo
551 4062 622 4133 sub
642 4083 774 4133 norma
794 4071 831 4135 et
855 4062 985 4135 ordine
1000 4056 1254 4154 cystercieusi
1268 4055 1365 4130 tituli

268 4158 397 4235 Sancti
417 4158 616 4233 Laurencii
639 4159 677 4232 in
697 4160 838 4235 Lucina
860 4165 1057 4262 presbyter
1075 4155 1288 4255 cardinalis,
1311 4156 1386 4264 le·=
