3050 4900
429 759 432 790 2
485 743 737 879 ANNALus
761 687 1235 828 utuntur-cassas·
1312 862 1315 871 ι

292 902 416 1012 Hunc
433 957 534 1036 quern
555 938 601 1011 W
598 938 846 1010 attenbacbiuc
857 939 996 1030 primus
1010 937 1139 1010 delenit
1155 941 1301 1033 fontem,
1321 962 1394 1012 nos

288 1040 479 1114 collatione
497 1041 657 1112 instituta
676 1041 802 1110 iterum
816 1036 1006 1110 lectoribus
1017 1041 1265 1133 proponimus.
1282 1041 1393 1113 ¹Coa·

207 1205 208 1208 ,
288 1143 377 1213 tinet
399 1146 517 1212 autam
543 1139 650 1212 basae
678 1137 832 1210 annales
861 1137 976 1210 coelen
1006 1139 1235 1212 bibliothecae
1267 1142 1393 1234 rapine

296 1239 596 1314 Wraticloaiensis
622 1239 692 1332 (Cl.
712 1237 768 1311 lv.
793 1237 867 1310 Fol.
887 1238 993 1334 216),
1025 1239 1085 1310 ubi
1109 1242 1145 1312 in
1173 1239 1285 1312 ultimi
1309 1240 1393 1326 lolii
1501 1300 1502 1303 ,

289 1339 494 1436 necrolopio
507 1336 905 1412 Kamenzenciraeculo
921 1338 992 1410 XV.
1011 1341 1170 1412 instituto
1189 1335 1319 1412 oduec'i
1336 1343 1392 1412 in·
1501 1384 1503 1433 ς

288 1443 415 1527 teriori
420 1446 528 1536 parte
540 1440 704 1535 lepuntur
713 1439 848 1512 sacculi
860 1439 954 1510 Xlll.
969 1441 1121 1512 ineuntis
1130 1461 1244 1512 mareu
1254 1442 1390 1535 scripti.

291 1541 407 1630 Quurn
433 1543 525 1612 enim
548 1541 604 1612 die
622 1541 679 1614 25.
699 1541 830 1611 mencir
846 1539 939 1612 lunii
957 1562 992 1611 a.
1013 1543 1110 1614 1405
1129 1543 1390 1613 monasterium

288 1641 449 1713 Kamcnz
462 1643 557 1713 mira
571 1641 731 1736 quadarn
747 1662 927 1735 aquarum
940 1639 1173 1712 inundatione
1187 1647 1388 1736 operetur,

289 1741 471 1814 undarum
497 1743 549 1828 ais
573 1747 607 1812 et
625 1737 821 1834 eapullum
840 1739 1012 1812 librorum
1030 1738 1186 1834 intrauit,
1212 1748 1249 1812 ct
1264 1764 1390 1814 rnero·

213 1841 215 1846 ’
289 1842 422 1937 lopiano
443 1843 625 1936 antiquum
645 1839 750 1912 ualde
769 1839 919 1912 deletum
938 1845 1000 1934 est,
1026 1842 1079 1912 ita
1097 1841 1390 1928 uttroterllein·

288 1943 384 2015 ricus
399 1940 732 2014 deSelunallcalden
745 1943 903 2035 sequenti
917 1963 1158 2015 annonarum
1170 1948 1392 2036 procuraret

288 2041 417 2115 librum
442 2044 600 2127 fratrum
629 2046 866 2132 mortuorum,
893 2062 1055 2135 novaque
1081 2041 1172 2113 libro
1195 2062 1263 2134 pra
1291 2048 1389 2137 tepu-

289 2144 381 2214 mine
408 2141 558 2214 adderet
580 2142 704 2228 lolium
730 2147 904 2233 noctram,
917 2142 1007 2226 =cine
1024 2140 1131 2212 dubio
1149 2141 1313 2213 ultimum
1330 2166 1388 2213 oe·

289 2244 460 2335 iustioris,
488 2265 594 2337 quum
614 2243 773 2333 nomina,
801 2263 893 2336 quae
918 2241 954 2310 in
982 2243 1260 2336 ciuccuperiori
1281 2249 1390 2337 parte

289 2347 493 2433 occurrunt
521 2344 592 2413 ciat
607 2343 766 2426 fratrum
786 2342 995 2412 monasterii
1011 2341 1115 2413 illiuc.
1177 2371 1181 2380 ·
1239 2371 1242 2382 ·

390 2439 556 2515 Attamen
573 2438 729 2513 Annales
747 2443 783 2513 in
802 2443 1021 2513 monasterio
1040 2441 1197 2515 Kanieuz
1213 2444 1391 2539 oripinern-

290 2564 364 2615 non
380 2548 617 2636 surrepserunt,
636 2541 700 2614 sad
719 2542 854 2636 culpati
870 2547 1056 2636 erautpcr
1074 2542 1251 2636 siusium,
1279 2567 1387 2638 qitura

290 2644 365 2714 iarn
385 2642 539 2715 Annales
558 2644 839 2716 Cisterciensiurn
864 2643 899 2714 in
918 2642 1143 2715 Heinricltow
1170 2643 1239 2739 (Μ.
1258 2644 1299 2716 G.
1319 2642 1386 2715 SS.

188 2786 191 2792 ·
275 2740 384 2815 XIX«
398 2768 434 2837 p.
450 2744 548 2839 544>
575 2750 608 2815 et
626 2742 826 2815 Obtortican
848 2743 1240 2836 principurn'Polouiae
1266 2742 1388 2839 (apud

292 2841 431 2915 Stenzel
444 2844 469 2915 l.
486 2846 530 2929 cf.
541 2868 579 2939 p.
595 2848 653 2915 47.
668 2842 727 2915 53.
743 2846 802 2917 56.
815 2846 873 2915 71.
886 2842 955 2938 92)
971 2866 1032 2915 eos
1048 2850 1223 2916 uerterent
1234 2846 1270 2915 ia
1283 2866 1387 2915 usum

290 2966 405 3036 suuni,
430 2946 604 3015 einana
628 2944 857 3036 inscriptione
880 2943 1217 3037 scalpitudinem,
1244 2966 1283 3015 ce
1299 2943 1387 3015 bace-

290 3045 378 3115 siree
397 3066 443 3114 eo
458 3044 610 3115 cronicis
629 3043 858 3115 Polonorunr.
891 3044 991 3116 Certe
1004 3041 1387 3116 AnnalecCraeooien-

291 3166 348 3215 ses
366 3148 450 3215 sunl
463 3167 532 3237 pro
550 3142 618 3215 hoc
635 3145 733 3228 fante
752 3142 977 3237 intellipendi‚
1004 3146 1162 3227 fortasse
1186 3168 1309 3216 eorum
1328 3166 1386 3215 co-

292 3242 361 3314 deo
386 3245 445 3338 qui
470 3245 507 3314 in
523 3241 720 3315 Annalibus
740 3244 998 3315 Lubtnenstbus-
1020 3246 1218 3338 inscriptus
1244 3250 1305 3334 cst,
1332 3246 1388 3315 cui

292 3348 422 3414 auctor
449 3342 592 3415 addidit
616 3343 993 3432 concamarationes,
1028 3366 1122 3438 quae
1151 3349 1186 3415 et
1207 3345 1242 3415 in
1269 3345 1387 3416 duna·

291 3442 382 3515 libus
410 3444 705 3517 Cracooiencibuc
729 3443 932 3537 compilatis
949 3450 992 3523 *et
1014 3446 1050 3515 in
1068 3445 1179 3516 uariis
1196 3444 1386 3517 Macellum

291 3543 510 3616 Polonorum
537 3542 804 3616 reductionibus
830 3543 1003 3637 lepuntur.
1058 3545 1292 3639 Corupilatori
1314 3544 1387 3616 Ko-

292 3648 468 3717 menzenci
483 3648 674 3739 praeteria
693 3646 890 3716 nolierunt
909 3643 1071 3740 annales,
1093 3647 1153 3741 qui
1170 3669 1250 3718 oum
1267 3643 1386 3716 Anna·
1501 3649 1503 3712 i

291 3744 382 3817 libus
400 3744 582 3840 Silcciacis
601 3746 804 3839 couipilatit¹
821 3744 981 3839 quendam
1000 3748 1178 3818 coniuncti
1202 3752 1308 3818 erant
1332 3747 1385 3829 at·

290 3845 446 3936 finitate‚
480 3868 572 3940 quae
603 3846 775 3917 cententio
807 3868 848 3916 co
880 3850 1132 3939 confirmatur,
1172 3846 1269 3942 qeeod
1299 3852 1384 3917 nata

292 3945 506 4038 marpiaalie
531 3945 575 4017 de
600 3944 781 4039 Splocstro
803 3968 905 4039 papo
931 3945 1085 4040 dyabolo
1104 3946 1310 4041 bonrapiurn
1328 3948 1385 4032 so-

292 4045 401 4116 ciante
419 4068 463 4117 ea
480 4046 636 4117 uberiori
653 4068 777 4118 earum
795 4045 968 4119 relatione
986 4046 1173 4139 desumpta
1191 4049 1246 4118 cit.

366 4142 500 4218 Auctor
513 4153 635 4219 noster
645 4153 757 4219 artem
770 4148 929 4219 criticam
938 4169 1090 4241 prorsus
1101 4145 1263 4241 nepleoit,
1277 4149 1384 4219 irnruo
