3050 4900
281 475 495 552 ANNALES
523 481 739 558 CAPITULl
767 487 1121 565 CRACOVIENSIS.
1206 498 1254 569 35

155 677 384 788 propagines
410 681 607 776 palmitum
627 685 746 779 gestis
773 686 810 757 in
837 688 993 761 collecta
1012 691 1251 766 multitudine

160 778 587 869 gene1·1scuitotumte
614 788 725 857 rebus
747 809 903 884 corpore
931 801 968 861 et
986 791 1108 863 anima
1130 793 1251 866 credis

153 886 191 946 et
211 879 447 976 concupiscis
467 892 544 952 toto
565 885 762 958 conamine
782 890 995 986 propagari.

228 979 335 1049 Anno
368 981 634 1055 incarnationis
670 987 809 1058 domini
846 989 963 1062 nostri
997 989 1082 1063 lesu
1113 992 1250 1066 Christi

155 1081 262 1152 1312.
292 1081 394 1153 cives
430 1083 702 1159 Cracovienses
729 1089 830 1160 rabie
866 1089 1002 1162 furoris
1035 1092 1266 1180 Germanici·

149 1179 316 1276 perusti,
343 1181 482 1254 fraudis
512 1185 634 1280 antici,
662 1189 844 1285 pacisque
871 1190 1021 1288 palleati
1057 1192 1190 1266 hostes
1211 1205 1249 1267 et

152 1280 278 1372 oculti,
309 1284 446 1353 domno
464 1284 677 1380 Wladyzlao
697 1290 780 1360 duci
800 1291 992 1384 Cracovie²
1009 1291 1246 1366 Sandomirie

151 1402 197 1450 ae
230 1383 380 1452 domino
415 1384 535 1457 tocius
577 1388 683 1482 regni
715 1390 887 1485 Polonie,
928 1397 1246 1488 quemadmodum

150 1480 260 1552 ludas
300 1483 384 1554 lesu
401 1485 572 1557 osculum
589 1492 806 1584 prebentes,
833 1491 915 1563 vice
938 1493 1138 1564 iuramenti
1161 1519 1246 1590 pre·

150 1589 295 1654 stantes
311 1585 511 1681 cautelam,
530 1588 699 1683 deposito
716 1589 784 1661 Dei
796 1590 929 1663 timore
945 1594 1249 1666 contradixerunt

151 1694 188 1755 et
215 1683 430 1757 bolezlaum
464 1687 599 1759 ducem
630 1689 875 1785 Opoliensem
902 1693 1137 1764 induxerunt.
1174 1693 1245 1780 Qui

149 1787 301 1857 tandem
322 1811 406 1858 cum
427 1786 523 1860 dicto
546 1788 744 1860 Wladizlao
771 1789 988 1864 Lobetcone
1008 1794 1248 1866 concordavit

148 1886 337 1983 illatisque
371 1911 482 1983 qnam
503 1887 673 1984 plurimis
693 1892 866 1986 dampnis
887 1893 1042 1987 civibus,
1057 1894 1244 1991 captivato

149 1991 330 2059 advocato
356 1987 506 2060 Alberto
533 1989 655 2060 omnis
675 1989 880 2087 iniquitatis
905 1992 1101 2089 principio7
1129 1995 1175 2065 de
1196 1994 1245 2065 ci-

148 2088 263 2160 vitate
283 2089 442 2160 recessit
461 2099 497 2158 et
515 2092 561 2160 ad
580 2090 729 2186 propria
749 2093 942 2164 remeavit.
996 2095 1092 2165 Ecce
1112 2093 1244 2166 imme·

149 2189 246 2262 diate
271 2187 548 2262 illustrissimus
581 2191 756 2288 princeps
791 2193 1016 2265 Wladislaus
1053 2193 1244 2267 civitatem

147 2290 1244 2392 predictamsubintransdenuociviumaliquoscaptivavit,

149 2392 328 2464 carcerali
348 2389 689 2465 custodiereclusit.
712 2393 1008 2492 Hoscaptivatos
1020 2396 1161 2468 seviter
1174 2420 1245 2494 per

147 2503 265 2565 totam
302 2494 490 2565 civitatem
525 2492 630 2591 equis
665 2495 792 2590 traxit,
828 2505 1044 2594 tractosque
1075 2496 1241 2593 patibulo

148 2604 252 2666 extra
281 2593 470 2665 civitatem
496 2592 759 2667 miserabiliter
786 2596 1001 2694 suspendit,
1029 2596 1242 2694 ibidemque

143 2695 279 2767 vfunera
294 2695 433 2766 tamdiu
452 2697 616 2792 pendere
632 2694 733 2789 fecit,
744 2697 1104 2795 quoadusquenervi
1116 2708 1242 2794 potre-

146 2796 233 2867 facti
253 2796 395 2868 ossium
419 2796 681 2892 compaginem
710 2797 972 2869 dissolverunt.
1024 2797 1242 2894 Eodemque

146 2920 245 2968 anno
262 2907 427 2969 castrum
447 2896 482 2967 in
496 2896 644 2967 civitate
657 2900 846 2968 destructa
863 2897 1119 2993 domoprefnti
1131 2900 1242 2969 advo-

148 2998 218 3069 cati
235 2996 441 3069 construxit
452 3007 488 3068 et
502 2996 634 3067 turrim
649 2997 685 3067 in
702 2996 811 3067 valva
827 3000 988 3069 ducente
1003 3000 1048 3068 ad
1059 2997 1241 3070 Sanctum

145 3096 366 3169 Nicholaum
387 3096 582 3169 edificavit.
638 3164 640 3169 .

220 3210 296 3281 Sub
333 3233 432 3280 anno
458 3204 605 3278 Domini
636 3207 742 3279 1331.
770 3228 834 3275 rex
864 3204 1090 3277 Wladislaus
1120 3203 1343 3276 dictassem-21

145 3309 314 3383 Loketlro
343 3308 516 3380 dominus
544 3304 723 3379 Cracovie
751 3316 787 3375 et
813 3304 932 3376 tocius
953 3304 1105 3377 Polonie
1132 3302 1239 3399 regni

145 3434 214 3505 per
232 3413 453 3482 temerarios
470 3408 607 3479 fratres
621 3416 659 3477 et
673 3405 836 3499 rabidos,
863 3406 999 3477 fratres
1019 3406 1241 3477 Thorunen·

144 3533 209 3581 ses
229 3509 446 3603 cruciferos,
460 3508 614 3579 invasus
635 3515 780 3577 temere
800 3516 928 3578 contra
940 3507 1060 3578 Deum
1081 3514 1118 3577 et
1136 3503 1240 3576 iusti-

145 3611 241 3682 ciam
261 3619 401 3681 terram
423 3633 529 3679 suam
550 3631 736 3703 occupare
754 3606 945 3703 volenteS,
972 3605 1150 3679 naciones
1181 3628 1239 3676 se-

143 3722 247 3809 ptem
264 3718 551 3782 exterascontra
571 3706 1135 3802 eundeleadislaum-regem
1156 3728 1244 3777 con-

143 3822 337 3909 gregataS,
359 3818 539 3881 conantes
560 3807 813 3879 exterminare
828 3810 988 3901 ydyoma
1008 3805 1239 3899 Polonicum⁷

142 3914 305 3985 inierunt
317 3933 566 4007 congressum
586 3918 712 3979 contra
727 3910 888 3979 eundem
902 3907 1028 3979 animo
1042 3904 1239 4004 pertinaci,

142 4014 265 4086 valida
286 4038 399 4086 manu
428 4008 578 4083 brachio
609 4018 759 4079 extento
780 4008 876 4079 circa
897 4009 1079 4081 Brescum
1097 4007 1238 4079 habue-

142 4125 228 4186 runt
245 4115 336 4187 feria
353 4122 458 4185 sexta
482 4110 517 4181 in
533 4109 591 4181 die
616 4108 734 4179 sancti
759 4108 936 4180 Stanislai
957 4106 1185 4202 conflictum,
1213 4130 1236 4176 a

143 4216 276 4311 quibus
308 4213 525 4287 ceciderunt
552 4208 674 4281 divina
704 4208 877 4304 potencia
902 4219 1094 4281 annuente
1122 4204 1242 4279 sancti

939 4306 988 4383 3*
