3050 4900
402 409 616 496 ANNALES
643 417 1014 496 MECHOVIENSES.
1186 423 1257 498 103

11 712 14 723 Ι
93 645 95 650 ’
161 617 331 716 virginis,
359 620 465 694 cuius
492 645 629 719 corpus
655 619 692 693 in
719 619 871 695 nomine
900 621 1011 694 llresu
1039 619 1150 696 Cristi
1168 631 1256 695 ante

161 745 354 794 summum
373 722 491 794 altare
510 720 547 792 in
568 721 690 794 medio
710 721 814 794 chori
832 720 1047 819 requiescit.
1078 721 1150 808 Qui
1180 721 1257 820 qui·

160 824 246 894 dem
264 822 493 896 venerabilis
511 821 568 894 vir
585 823 701 894 frater
719 821 931 895 Stanislaus
950 820 1070 895 felicis
1084 824 1257 895 recorda·

160 920 278 994 cionis
297 922 513 1019 prepositus
536 933 769 994 memoratus
789 934 999 995 memorate
1017 921 1255 1019 prepositure

158 1021 269 1093 annis
302 1025 348 1096 12
380 1022 529 1119 prefuit,
556 1021 631 1094 vita
661 1031 699 1096 et
725 1022 891 1096 moribus
920 1022 1122 1120 plurimum
1150 1045 1256 1094 coru·

158 1145 292 1216 scens,
318 1121 522 1218 inquibus
551 1122 659 1196 annis
682 1127 727 1198 12
759 1123 876 1195 multa
906 1127 1003 1196 bona
1022 1122 1253 1195 monasterio

158 1221 413 1298 Mechoviensi
443 1223 529 1294 fecit
549 1233 586 1294 et
603 1222 683 1295 fere
708 1247 776 1320 pro
802 1227 947 1296 duobus
983 1222 1132 1296 milibus
1158 1247 1256 1295 mar·

159 1345 288 1394 carum
308 1332 346 1394 et
362 1323 459 1396 forte
479 1323 574 1395 ultra
593 1321 630 1394 in
649 1323 920 1397 hereditatibus
939 1346 1024 1396 cum
1047 1346 1187 1419 magna
1200 1323 1253 1394 in-

158 1420 361 1494 stanciaac
376 1422 574 1519 diligencia
598 1423 841 1521 comparavit.
881 1422 996 1496 Villas
1023 1424 1253 1517 Psorosycze

158 1531 197 1594 et
213 1522 453 1595 Bruchanam
478 1532 517 1594 et
533 1524 767 1619 Hugowycze
786 1526 832 1596 ad
857 1525 1010 1594 domurn
1029 1523 1254 1598 Cracovien·

157 1645 238 1695 sem
267 1623 436 1695 adversis
469 1622 645 1696 militibus
673 1623 812 1695 coemit
837 1634 875 1696 et
908 1623 1162 1736 comparavit,
1190 1623 1252 1720 qui

157 1721 252 1794 milit
237 1732 296 1797 tes
325 1725 369 1796 de
395 1723 612 1796 Psorosicze
643 1734 681 1797 et
705 1724 905 1796 Bruchana
931 1724 1036 1795 varia
1054 1723 1253 1837 obprobria

155 1846 201 1894 ac
219 1823 421 1919 preiudicia
438 1823 679 1921 ponderosa'
670 1848 707 1895 rn
727 1825 834 1898 bonis
858 1822 1078 1896 monasterii
1098 1823 1252 1896 nichilo·

155 1922 279 1995 minus
307 1947 353 1995 ac
374 1947 444 2021 per
461 1923 585 1995 omnia
615 1923 812 1997 faciebant.
864 1924 958 1996 Item
987 1922 1223 1997 scoltecias
1212 1948 1251 1996 m

154 2022 480 2135 Scarzeszewo,
471 2048 508 2094 m
540 2023 912 2120 Sczepanowieze,
903 2048 939 2096 1n
971 2023 1223 2110 Smrolrow‚
1212 2047 1250 2096 in

152 2123 302 2196 Falnow
342 2122 432 2196 emit
464 2134 502 2196 et
528 2123 771 2221 comparavit.
831 2123 926 2196 ltem
952 2123 1080 2196 villam
1109 2124 1247 2196 dictam

152 2223 318 2296 Wolioza
346 2247 464 2321 prope
484 2223 663 2298 Oludzarn
693 2224 793 2297 emit.
846 2224 939 2296 ltem
967 2223 1098 2296 laneos
1125 2223 1186 2295 hio
1210 2223 1248 2296 in

152 2323 303 2396 civitate
333 2323 589 2397 Mechoviensi
631 2324 823 2398 liberoso
864 2348 982 2398 censu
1023 2335 1062 2397 et
1091 2323 1248 2398 decimis

152 2423 245 2515 etin
270 2423 351 2497 aliis
387 2425 483 2497 villis
518 2425 739 2499 monasterii
773 2424 930 2523 predicti
965 2448 1080 2523 agros
1107 2425 1246 2499 liberos

151 2524 393 2624 comparavit.
445 2526 714 2599 lllonasterium
735 2551 842 2599 muro
865 2526 1124 2622 circumduxit,
1151 2526 1247 2600 refe·

151 2626 309 2699 otoriurn
329 2626 484 2700 fratrum
506 2650 590 2699 curn
611 2626 714 2699 cellis
734 2626 934 2721 ordinavit,
962 2627 1145 2724 templum
1166 2650 1246 2699 mu·

150 2749 234 2799 rare
272 2726 411 2824 incepit
446 2738 483 2800 et
514 2751 559 2799 ex
594 2738 684 2801 tunc
713 2727 750 2798 in
782 2728 886 2800 brevi
919 2726 1029 2798 morti
1066 2727 1244 2799 tributum

149 2826 348 2923 persolvit,
375 2826 509 2898 allodia
536 2826 574 2897 in
608 2827 797 2902 laboribus
830 2826 971 2923 optime
1014 2826 1245 2923 reformavit,

148 2926 262 2999 libros
303 2927 474 2999 diversos
516 2950 710 2999 sacrorum
749 2950 938 2998 canonum
977 2936 1015 2998 et
1051 2925 1244 3023 theologie

150 3026 399 3123 comparavit,
437 3026 474 3098 in
509 3030 624 3100 verbo
664 3026 733 3100 Dei
769 3027 930 3099 fideliter
962 3026 1164 3122 laboravit,
1204 3025 1241 3098 in

148 3137 278 3199 sancta
314 3136 435 3199 matre
469 3127 630 3200 ecclesia
662 3138 700 3199 et
734 3126 950 3241 specialiter
978 3126 1239 3241 inprivilegio
1328 3218 1331 3223 .

146 3252 293 3300 morum
311 3238 350 3300 et
366 3227 544 3301 virtutum
564 3228 757 3301 cacumine
784 3228 881 3300 sicut
903 3227 1020 3298 lilium
1045 3226 1144 3300 inter
1168 3226 1243 3326 spi·

146 3351 215 3399 nas
234 3329 386 3400 odorem
407 3328 569 3427 exelnpli
585 3330 669 3403 boni
684 3328 833 3428 spirans
850 3328 982 3400 claruit
995 3350 1241 3440 perseveran-

145 3437 214 3499 ter.
263 3429 352 3500 Post
369 3454 481 3526 quem
501 3430 650 3525 quidem
677 3429 980 3527 prenominatum
1003 3427 1240 3527 prepositum

145 3530 279 3599 eodem
315 3552 413 3599 anno
444 3530 561 3603 frater
590 3531 749 3603 Michael
784 3533 830 3603 de
861 3528 1077 3602 Radomske
1110 3537 1238 3600 custos

145 3627 298 3726 predicti
326 3630 544 3702 monasterii
569 3641 652 3703 octo
680 3655 864 3703 annorum
891 3629 928 3701 in
960 3627 1236 3726 preposituram

142 3727 228 3801 dicti
249 3728 466 3801 monasterii
495 3732 681 3804 successit
705 3755 773 3828 per
806 3728 1029 3802 electionem
1055 3728 1236 3802 canonice

142 3830 294 3924 factam,
322 3829 383 3925 qui
411 3833 487 3927 opit
472 3831 614 3904 tulante
649 3831 917 3929 Omnipotente
951 3830 1088 3902 dictam
1117 3828 1236 3901 eccle·

143 3930 237 4001 siam
257 3931 334 4002 nitu
356 3941 394 4003 et
411 3931 600 4005 laboribus
620 3932 774 4026 sedulis,
793 3941 901 4030 prout
918 3930 1033 4024 licuit
1060 3933 1236 4002 ardenter

142 4029 384 4126 continuavit
412 4035 508 4104 unde
535 4032 678 4109 meritis
704 4031 791 4104 dicti
815 4032 940 4103 domni
969 4028 1149 4129 prepositi
1173 4033 1235 4102 de·

143 4130 256 4201 functi
283 4132 519 4228 exigentibus
544 4134 714 4205 hortatur
737 4134 892 4204 fratrum
914 4130 1165 4204 communitas
1198 4140 1237 4202 et

140 4230 307 4324 omnium
339 4232 400 4305 liic
429 4234 644 4331 legencium
676 4232 875 4333 presencia
899 4243 989 4330 quot
1014 4230 1148 4305 intuitu
1176 4229 1235 4303 sui
