3050 4900
406 472 621 549 ANNALES
645 468 1020 551 'MECHOVIENSES
1210 477 1271 552 99·

161 672 321 747 therine.
400 675 542 748 Eodem
569 698 688 771 anno,
723 675 868 748 scilicet
898 675 1003 748 1348.
1032 673 1070 746 in
1103 698 1258 748 conver-

161 775 268 848 sione
294 775 413 846 sancti
440 773 562 870 Pauli,
589 774 658 846 fuit
683 785 784 847 terre
813 786 937 847 motus
957 799 1133 871 magnus,
1161 779 1367 873 quotiaco.

160 874 343 946 Viliacum
369 873 609 970 subvertitur,
637 875 753 947 muita
779 885 902 947 castra
927 873 1164 973 ceciderunt,
1199 901 1259 948 ec·

161 974 290 1070 clesie,
318 973 561 1070 monasteria,
594 984 717 1047 turres
745 975 782 1047 in
811 973 938 1048 multis
965 975 1057 1048 locis
1081 1000 1167 1046 cum
1192 977 1259 1048 ho-

163 1075 323 1146 minibus
361 1083 398 1145 et
436 1073 614 1146 iumentis
659 1075 862 1172 perierunt.
956 1077 1098 1147 Eodem
1138 1075 1258 1148 eciam

161 1198 260 1247 anno
280 1173 317 1244 in
335 1172 517 1246 Avinione
537 1185 639 1246 tanta
666 1174 875 1248 mortalitas
902 1174 971 1246 fuit
989 1178 1085 1271 quod
1105 1200 1179 1248 una
1198 1176 1257 1248 die

162 1285 358 1346 numerata
387 1284 475 1346 sunt
503 1275 597 1347 1500
620 1274 767 1372 funera,
794 1287 854 1347 set
887 1275 1037 1347 cottidie
1065 1279 1140 1349 200
1172 1277 1257 1373 plus

160 1375 222 1447 vel
241 1373 378 1470 minus⁷
405 1373 585 1445 cimiteria
619 1375 746 1448 omnia
779 1376 938 1473 repleta,
972 1399 1070 1447 unus
1100 1399 1257 1473 campus

163 1485 407 1546 consecratus
441 1485 478 1546 et
509 1473 546 1544 in
579 1498 623 1546 eo
643 1476 759 1547 multe
791 1476 901 1547 fovee
933 1499 1073 1572 magne
1098 1476 1257 1573 replete,

162 1574 279 1647 multe
298 1577 433 1646 domus
453 1576 616 1668 deserte,
635 1575 695 1647 ubi
717 1600 812 1648 unus
841 1575 998 1646 moritur
1025 1600 1159 1648 omnes
1180 1601 1258 1647 mo·

162 1674 307 1746 riuntur
320 1673 551 1772 postipsum,
570 1675 660 1746 nulli
677 1685 1009 1772 quantumcunque
1025 1675 1126 1748 diviti
1139 1675 1258 1748 missa

165 1778 404 1870 cantabatur,
440 1775 703 1854 defunctorum
740 1800 925 1874 campane
956 1800 1030 1846 non
1061 1775 1260 1872 pulsaban-

161 1885 240 1970 tur⁷
257 1944 260 1950 ,
276 1898 412 1972 corpus
433 1874 570 1947 Christi
589 1876 713 1948 oculte
733 1881 951 1972 portabatur
969 1899 1037 1972 per
1055 1875 1258 1971 civitatem,

161 1985 371 2046 conventus
390 1973 654 2070 religiosorum
673 1975 860 2066 rarefaeti,
881 1974 940 2049 ubi
967 1985 1118 2046 centum
1144 1984 1261 2048 stete·

161 2084 245 2146 rant
270 2075 330 2146 vix
360 2076 492 2146 decem
525 2085 803 2172 remanserunt,
842 2075 914 2148 alia
944 2074 1063 2146 multa
1085 2069 1260 2148 'inaudita

163 2174 409 2271 contigerunt.

236 2277 343 2346 Anno
362 2274 512 2347 Domini
539 2277 645 2350 1349.
674 2275 821 2347 nunccii
847 2275 1114 2348 Thartaromm
1147 2299 1259 2348 vene·

161 2385 249 2448 runt
267 2379 312 2448 ad
339 2399 470 2473 regem
495 2375 660 2451 Polonie.
737 2375 877 2448 Eodem
914 2401 1013 2447 anno
1049 2376 1258 2450 mortalitas

164 2501 302 2574 magna
331 2477 400 2548 fuit
426 2477 464 2547 in
491 2500 609 2573 regno
643 2477 818 2574 Ungarie7
858 2478 974 2550 multe
1016 2475 1186 2550 civitates
1223 2488 1261 2549 et

162 2577 249 2649 ville
294 2579 443 2649 deserte
487 2576 756 2651 habitatoribus
792 2588 972 2673 vacuate,
1008 2580 1108 2649 uride
1140 2578 1259 2649 multe

161 2685 286 2750 turine
308 2677 504 2749 hominum
523 2688 601 2753 tam
621 2679 666 2749 de
685 2678 850 2774 Ungaria
870 2703 983 2775 quam
1003 2680 1048 2749 de
1072 2678 1154 2750 aliis
1173 2703 1259 2775 par·

161 2778 260 2851 tibus
280 2778 443 2850 adiuncti
469 2777 674 2849 circuibant
701 2775 940 2873 flagellantes
968 2801 1033 2872 se,
1067 2776 1104 2848 in
1139 2778 1259 2849 lutum

161 2880 355 2975 cadentes,
383 2901 562 2973 magnam
595 2876 916 2973 conpunccionem
943 2886 980 2948 et
1007 2876 1259 2973 penitenciam

161 2978 244 3050 aliis
263 2976 487 3070 indixerunt,
515 2975 679 3071 virgines
706 2977 827 3049 eciam
852 3001 978 3074 parwe
998 2985 1036 3048 et
1052 3001 1193 3073 magne
1212 2980 1260 3050 de

159 3077 258 3149 villis
278 3076 422 3174 sparsis
441 3076 603 3149 crinibus
631 3075 667 3147 in
695 3080 850 3149 modum
877 3076 1134 3173 processionis
1166 3087 1260 3149 tam-

161 3202 274 3277 quam
298 3201 441 3251 vesane
468 3177 738 3265 discurrebantq
767 3182 1011 3250 verberantes
1037 3200 1093 3272 se2
1120 3188 1158 3250 et
1176 3202 1259 3277 per·

160 3282 364 3352 noctabant
382 3278 419 3350 in
439 3278 542 3351 silvis
559 3279 604 3351 ad
620 3280 808 3374 quendam
823 3278 1048 3374 Gregorium
1064 3303 1175 3375 quem
1190 3302 1258 3375 pro

67 3411 74 3421 ·
163 3390 294 3452 saneto
314 3381 500 3474 colebant,
528 3388 589 3451 set
606 3377 737 3451 deluse
757 3404 777 3450 a
798 3379 955 3472 dyabolo
975 3377 1104 3476 plures
1130 3402 1177 3449 ex
1203 3378 1258 3450 eis

161 3478 364 3576 perierunt.
410 3478 456 3551 Et
480 3478 519 3550 in
545 3477 621 3551 fine
647 3478 817 3551 eiusdem
845 3478 932 3550 anni
957 3502 1023 3552 rex
1050 3477 1258 3550 Kazimirus

161 3590 302 3652 terram
321 3578 457 3651 Russie
476 3578 642 3652 obtinuit.

241 3680 348 3752 1350.
377 3678 476 3752 circa
501 3680 643 3751 festum
670 3677 770 3752 beati
795 3677 1062 3772 Bartholomey
1088 3676 1370 3752 Littwaniuan

101 3799 103 3802 ·
162 3789 406 3853 vastaverunt
440 3779 638 3876 Russiam‚
679 3778 817 3852 multos
852 3778 1099 3875 ‹teduxo·unt‚
1130 3779 1258 3877 plures
1285 3791 1291 3812 ·'

163 3879 392 3954 occiderunt.

240 3982 347 4055 1351.
370 4002 437 4051 rex
458 3977 666 4051 Kazimiius
693 4002 779 4049 cum
808 4002 947 4075 magna
968 3978 1140 4078 potencia
1173 4003 1258 4076 pro-

161 4091 333 4253 &siem
345 4080 554 4175 Livoniam,
574 4090 633 4152 set
647 4076 858 4151 infirmatus
882 4079 1002 4176 rediit,
1022 4104 1160 4177 parum·
1175 4103 1258 4177 pro-

178 4204 347 4355 θοι1352.
392 4279 563 4353 Thartari
605 4287 853 4352 vastaverunt
891 4288 1030 4352 terram
1058 4278 1258 4353 Lubiinen·

161 4404 264 4477 sem,
292 4382 430 4453 multos
457 4383 690 4453 deduxerunt
722 4378 948 4453 christianos
967 4389 1006 4518 {t
1032 4380 1258 4453 occiderunt.

941 4485 961 4551 t
