3050 4900
287 465 335 538 64
540 461 754 537 ANNALES
782 460 1075 537 POLONORUM
1104 461 1129 534 i.

287 662 425 761 celum,
453 664 624 738 ascendit
650 663 762 736 simul
791 671 830 736 et
854 663 1014 736 crucifer
1042 663 1207 735 iliacum
1228 686 1385 761 corpore

287 765 322 837 in
335 765 472 861 celum,
491 765 649 863 itaquod
665 775 752 862 post
771 764 983 836 discessum
1002 764 1096 836 lucis
1116 763 1384 837 nullurnvcsti·

287 866 409 962 gium7
437 857 538 936 nulla
564 865 745 962 particula
770 864 831 937 vel
857 865 1008 960 signum
1035 865 1228 936 inventum
1259 875 1317 936 est
1337 867 1383 938 de

286 967 359 1038 illo.
393 965 666 1062 Videbaturque
684 965 888 1037 Lithwanis
904 965 1112 1038 astantibus
1132 975 1170 1037 et
1194 964 1384 1036 ascensio·

286 1090 373 1137 nem
393 1066 725 1139 illammirantibus
745 1068 841 1162 quod
862 1065 967 1160 virgo
987 1064 1238 1161 pulcherrima
1254 1089 1383 1137 ascen-

287 1170 392 1238 deret
411 1166 446 1236 in
467 1166 600 1237 celum.
653 1166 726 1238 Sed
754 1165 841 1263 quia
868 1166 941 1237 hoc
969 1166 1109 1236 factum
1127 1165 1266 1263 pagani
1285 1164 1384 1236 affir-

287 1270 440 1338 mabant
459 1266 793 1361 incantacionibus7
822 1290 897 1338 non
918 1267 1041 1337 virtuti
1061 1266 1198 1360 divine,
1218 1264 1383 1338 ostendit

287 1366 341 1438 eis
362 1366 461 1438 aliud
476 1390 641 1463 sequens
657 1365 879 1438 miraculum
895 1369 993 1463 quod
1011 1366 1048 1437 in
1069 1366 1171 1439 socio
1184 1366 1283 1438 illius
1298 1388 1383 1438 sus·

285 1466 395 1564 pensi
422 1466 593 1538 cruciferi
621 1465 781 1563 experiri
807 1467 1014 1538 voluerunt.
1073 1467 1168 1538 Nam
1192 1466 1273 1538 viso
1297 1490 1382 1564 pre·

285 1566 383 1639 dicto
418 1566 599 1639 miraculo
644 1566 888 1663 superstitem
933 1565 1158 1637 cruciferum
1194 1567 1381 1663 dirumpto

284 1678 416 1738 trunco
446 1666 589 1739 arboris
618 1689 689 1763 per
712 1666 878 1738 medium
904 1665 1139 1739 incluserunt
1173 1665 1381 1764 circumpo-

284 1777 420 1839 nentes
440 1776 477 1838 et
495 1767 622 1862 ignem
639 1767 833 1863 copiosum
851 1777 893 1858 ¹ut
907 1767 1014 1839 vivus
1030 1767 1119 1863 igne
1139 1790 1381 1840 consumere-

283 1877 356 1962 tur,
385 1869 450 1938 sed
470 1867 652 1939 Dominus
673 1866 830 1938 militem
850 1890 959 1938 suum
979 1891 1046 1965 pro
1074 1866 1147 1939 fide
1174 1878 1381 1942 certantem

283 1991 359 2039 non
379 1967 528 2065 reliquit
546 1967 627 2039 sine
648 1967 777 2039 celesti
806 1967 980 2063 presidio,
1008 1993 1097 2040 nam
1116 1968 1238 2040 subito
1258 1969 1379 2041 celum

284 2068 352 2139 fuit
380 2091 494 2164 super
518 2068 645 2164 ipsum
674 2078 846 2164 apertum
876 2079 913 2138 et
942 2071 1102 2164 quedam
1132 2069 1211 2141 avis
1242 2093 1380 2165 magna

284 2169 381 2264 alba,
419 2167 537 2264 qualis
574 2192 767 2264 nunquam
795 2171 839 2239 ab
867 2168 990 2264 aliquo
1015 2169 1166 2240 vivente
1191 2169 1274 2241 visa
1298 2171 1380 2265 fuit,

284 2269 486 2340 descendit·
505 2271 549 2340 de
577 2269 656 2340 celo
675 2268 711 2339 in
731 2268 815 2340 luce
837 2293 974 2364 magna
995 2279 1032 2340 et
1049 2269 1205 2342 veniens
1226 2273 1270 2341 ad
1297 2294 1381 2366 pre·

285 2370 423 2440 dictum
445 2367 579 2467 eripuit
598 2373 643 2441 dc
660 2369 883 2467 medioigne
904 2369 1032 2441 ettolit
1051 2394 1182 2442 secum
1201 2370 1236 2452 in
1257 2371 1380 2460 cetum

285 2495 369 2542 cum
386 2494 555 2568 corpore⁷
584 2475 680 2563 quod
701 2472 872 2543 videntes
893 2472 1032 2568 pagani
1057 2471 1246 2543 dixerunt:
1297 2472 1381 2545 Vere

282 2594 437 2664 arrupnus
461 2577 514 2642 est
538 2570 635 2643 Deus
659 2572 937 2644 chr·istiunorum
963 2575 1023 2665 qui
1048 2572 1137 2643 tutio
1155 2574 1246 2655 fucit
1267 2574 1380 2643 servis

283 2675 367 2743 suis.
470 2672 611 2743 Eodem
632 2696 729 2743 anno
750 2671 787 2742 in
806 2671 940 2764 Ytaiia⁷
958 2670 996 2740 in
1014 2669 1138 2765 vigilia
1156 2670 1252 2743 beati
1263 2671 1380 2742 Marci

173 2784 273 2839 Aram·
285 2770 528 2867 ewangeliste
549 2772 669 2843 factus
691 2783 749 2844 est
776 2783 834 2843 ter
854 2781 977 2843 motus
994 2780 1109 2865 terre7
1138 2795 1182 2842 ex
1202 2793 1274 2867 quo
1295 2775 1405 2843 sub·'

282 2896 394 2944 verse
425 2882 511 2943 sunt
546 2883 695 2970 septem
730 2872 912 2945 civitates.
965 2872 1004 2943 ln
1033 2871 1222 2943 montibus
1251 2881 1379 2961 autem

283 2973 381 3045 circa
411 2973 618 3045 Bononiam
647 2972 779 3045 cecidit
803 2997 866 3045 ros
899 2972 1131 3069 sanguineus
1158 2970 1196 3042 in
1215 2972 1380 3043 maxima

282 3072 512 3169 quantitate,
563 3074 779 3170 presidente
811 3074 980 3145 Romane
1023 3073 1184 3146 ecclesie
1228 3071 1378 3144 domino

280 3172 432 3243 Nicolao
447 3196 545 3270 papa
564 3174 623 3269 Ill7
639 3174 700 3271 qui
722 3178 927 3246 vocabatur
944 3174 1130 3246 lohannes
1147 3172 1377 3244 Gahetanus

279 3274 541 3345 Miserabiliter
576 3285 701 3347 autem
738 3285 838 3347 terra
866 3274 1057 3346 absorbuit
1081 3273 1265 3367 civitates7
1292 3274 1377 3370 qui-a

281 3376 560 3446 descenderunt
578 3374 614 3445 in
635 3379 813 3468 abyssum
834 3399 917 3445 cum
939 3376 1018 3446 suis
1039 3374 1320 3470 habitatoribus⁷
1340 3384 1379 3446 ct

281 3474 501 3546 audiebatur
538 3498 610 3546 vox
650 3474 899 3547 clamancium
930 3498 999 3571 per
1030 3487 1188 3571 quatuor
1219 3473 1298 3547 dies
1331 3476 1377 3546 de
1506 3529 1508 3580 ἱ

281 3580 438 3668 abysso:
476 3575 774 3669 Misericordiam,
807 3575 1106 3665 uriserc'cordimn,
1135 3574 1242 3647 Deus.
1274 3576 1378 3647 Mon·
1506 3586 1508 3604 '

280 3687 339 3747 tes
383 3675 503 3747 eciam
532 3678 604 3747 duo
634 3685 893 3748 convenerunt
924 3674 961 3745 in
996 3700 1130 3770 unum3
1157 3676 1255 3747 iuter
1282 3700 1376 3772 quos
1505 3671 1507 3756 i

280 3774 421 3848 fluebat
434 3774 585 3871 fluvius,
601 3776 662 3873 qui
681 3777 729 3847 ita
749 3776 817 3847 fuit
834 3776 1032 3847 conclusus
1049 3776 1250 3870 montibus7
1279 3777 1376 3873 quod
1504 3767 1507 3899 p

280 3877 423 3948 nullum
460 3888 627 3949 meatum
664 3878 809 3949 habens
841 3876 930 3948 fecit
957 3876 1081 3949 lacum
1108 3877 1205 3949 circa
1232 3899 1294 3973 se,
1330 3878 1376 3947 ad

280 3976 479 4073 sexaginta
513 3976 672 4049 miliaria
699 3976 944 4074 etamplius,
987 3976 1113 4050 omnia
1139 3981 1375 4050 subvertens.

279 4075 410 4174 Aliqua
442 4078 560 4150 eciam
592 4088 715 4151 castra
743 4076 780 4149 in
800 4079 988 4151 montibus
1017 4078 1103 4173 sita,
1130 4078 1304 4176 aperiens
1332 4101 1375 4150 se

279 4186 378 4249 terra·
407 4199 474 4275 per
501 4189 644 4251 motum
673 4190 795 4272 terre,
828 4179 889 4276 qui
916 4178 1019 4251 stetit
1049 4179 1095 4253 15
1122 4183 1266 4273 diebus,
1293 4180 1375 4276 ipsa
1503 4215 1504 4222 κ

281 4289 403 4351 castra
424 4302 508 4351 cum
529 4281 716 4353 montibus
736 4278 946 4375 absorbuit,
965 4278 1110 4377 aliquos
1130 4289 1278 4351 montes
1299 4304 1376 4351 ma·
