3050 4900
273 471 322 543 84
472 467 656 544 CONTlN.
675 468 843 548 ANNAL.
863 465 1169 542 POLONORUM.

272 669 446 767 pulsitot
463 668 605 742 iniuriis
632 669 747 742 talem
776 669 846 742 sibi
873 678 1035 741 mortem
1060 674 1368 766 procuraverunt.

271 771 437 844 Audiens
455 769 667 844 Kazimirus
693 795 760 843 rex
788 770 962 866 Polonie,
997 771 1094 867 quod
1123 769 1172 840 ita
1202 767 1278 839 vita
1304 769 1367 840 de·

273 871 456 944 cessisset
477 871 653 944 Russiam
669 871 766 943 circa
782 870 918 943 festum
936 870 1077 967 pasche
1100 869 1136 940 in
1159 891 1276 966 parvo
1301 892 1367 938 nu·

272 995 377 1044 mero
391 971 554 1064 intrans,
582 971 808 1044 christianos
834 981 872 1043 et
898 980 1143 1064 mercatores,
1170 967 1232 1065 qui
1258 990 1301 1041 se
1327 967 1366 1038 in

272 1081 397 1144 castro
440 1071 575 1144 Liwow
618 1081 861 1169 receperant,
909 1079 1033 1142 castro
1072 1078 1240 1141 cremato
1280 1091 1366 1139 cum

270 1171 462 1267 uxoribus⁷
487 1169 615 1267 pueris
641 1181 679 1243 et
703 1176 815 1244 rebus
839 1182 969 1242 eorum
998 1193 1116 1267 usque
1141 1170 1177 1240 in
1204 1191 1366 1265 regnum

271 1295 384 1344 suum
411 1270 571 1344 deduxit.
614 1271 682 1344 Ubi
719 1271 840 1368 spolia
866 1271 983 1342 multa
1014 1271 1052 1341 in
1075 1279 1247 1365 argento,
1274 1291 1365 1339 auro

271 1382 310 1444 et
327 1371 510 1468 gemmis,
536 1371 766 1444 thesaurum
784 1375 920 1443 ducum
953 1371 1189 1467 antiquorum
1215 1369 1367 1462 todem,

271 1472 369 1544 inter
402 1474 500 1570 quod
535 1481 643 1544 erant
672 1471 822 1569 aliquod
854 1494 986 1543 cruces
1021 1493 1154 1566 auree,
1185 1468 1365 1582 precipue

272 1596 407 1668 unam
442 1572 479 1643 in
499 1597 572 1669 qua
597 1596 737 1668 magna
756 1571 900 1668 quantit
902 1596 944 1643 as
964 1573 1010 1643 de
1029 1570 1130 1683 ligno
1151 1569 1272 1641 crucis
1291 1570 1363 1641 Do-

270 1671 362 1744 mim
353 1626 450 1744 sirit
478 1681 641 1769 reperta,
668 1682 705 1744 et
727 1675 799 1744 duo
821 1671 1105 1770 preciosissima
1129 1672 1365 1764 dyademate,

153 1837 156 1842 ,
271 1781 310 1844 et
328 1796 401 1844 una
419 1771 546 1844 tunica
561 1772 670 1845 valde
693 1772 880 1870 preciosa,
906 1796 977 1844 nec
1000 1795 1075 1842 non
1100 1780 1139 1842 et
1160 1770 1254 1841 sella
1273 1792 1363 1840 auro

269 1882 307 1944 et
322 1872 488 1969 gemmis
508 1875 698 1944 adornata.
730 1872 809 1946 Hiis
834 1872 1007 1944 omnibus
1031 1870 1186 1946 sublatis
1211 1873 1256 1942 ad
1281 1892 1366 1966 pro·

267 1972 349 2070 pria
369 1984 428 2047 est
451 1996 643 2049 reversus
719 1974 862 2046 Eodem
887 1996 985 2044 anno
1012 1971 1110 2043 cirea
1142 1973 1284 2043 festum
1308 1969 1365 2042 Io·

267 2073 404 2146 hannis
439 2072 603 2172 baptiste
637 2068 739 2147 idem
774 2097 841 2145 rex
883 2073 1092 2145 Kazimirus
1124 2093 1364 2167 congregans

268 2174 476 2246 exercitum
507 2175 672 2247 validum
701 2196 818 2271 prope
844 2176 893 2248 20
922 2172 1091 2284 milium,
1105 2171 1242 2243 iterum
1269 2171 1364 2242 Rus-

268 2274 365 2346 siam
400 2274 569 2370 intravit
611 2274 670 2346 ubi
699 2273 855 2346 castella
883 2283 921 2345 et
953 2271 1189 2344 municiones
1214 2269 1362 2384 aliquod

265 2374 436 2489 ipsorum
454 2329 683 2447 destrirens
674 2399 779 2473 ipsos
795 2367 863 2446 sibi
878 2373 1086 2472 inperfecte
1106 2371 1274 2445 subiecit
1318 2372 1365 2444 Et

267 2475 440 2573 quamvis
469 2467 736 2549 Tartharorum
767 2479 963 2574 propedit
995 2474 1138 2546 milium
1169 2484 1207 2545 et
1225 2473 1364 2545 Ruthe·

266 2599 402 2647 norum
415 2576 569 2654 totidem
585 2576 647 2649 vel
665 2578 793 2674 plures
809 2577 972 2649 fuissent
987 2574 1232 2687 congregati,
1229 2583 1362 2645 tamen

267 2679 430 2774 quodam
441 2688 594 2750 metuet
609 2687 754 2749 terrore
775 2688 813 2750 et
827 2668 1186 2775 peraudactissimos
1200 2673 1363 2770 licetque

266 2776 459 2893 simplices
478 2778 739 2851 Mazovienses
759 2788 846 2851 sunt
865 2776 1042 2849 multit
988 2802 1025 2847 m
1028 2774 1204 2871 terempti
1229 2784 1266 2847 et
1284 2796 1363 2845 ma-

266 2878 439 2991 ctati‚et
402 2879 551 2951 otforte
581 2878 704 2951 divino
732 2877 868 2950 auxilio
890 2876 1013 2991 magis
1037 2874 1209 2973 percussi
1232 2875 1362 2971 fugam
1392 2892 1396 2896 ’
1512 2861 1514 2864 ’

263 2977 439 3077 inierunt
459 2990 497 3052 et
515 2979 571 3052 sic
593 3002 659 3051 rex
684 3002 769 3051 cum
788 2978 943 3051 victoria
963 2987 1000 3048 et
1018 3000 1157 3072 magna
1176 2975 1294 3072 gloria
1310 2977 1361 3046 ad

264 3079 416 3191 propria
444 3078 512 3151 fuit
536 3103 713 3152 reversus
738 3079 820 3152 siue
844 3077 946 3150 omni
972 3077 1117 3151 lesione
1144 3100 1212 3149 seu
1239 3073 1361 3187 perdi-

265 3178 378 3251 cione
392 3202 548 3252 suorum
568 3179 757 3252 nobilium
823 3176 1119 3251 Thratkaeciam
1132 3174 1358 3248 fuitibidem.

417 3380 485 3396 nnan-
557 3382 600 3397 ..„„

502 3434 550 3496 *⁶⁷de

518 3460 550 3479 tin.

506 3478 550 3509 law

519 3512 522 3519 ι
532 3506 545 3531 'a'

666 3472 695 3525 n-

312 3624 631 3711 CONTINUATlO
658 3635 903 3708 ANNALlUM
929 3631 1225 3707 POLONORUM
1251 3632 1308 3704 lll.

334 3771 602 3845 Annollomini
618 3775 724 3848 1342
729 3768 919 3845 lanislaus
934 3769 1023 3843 obut
1033 3768 1357 3866 archiepiscopus,

261 3872 319 3945 cui
345 3872 532 3946 successit
558 3872 745 3946 laroslaus
776 3874 949 3944 fundator
982 3868 1204 3943 monasterii
1230 3867 1357 4007 Copri-

258 3972 452 4148 vinipppigs·
472 4073 562 4148 obiit
578 4074 769 4147 lohannes
789 4071 1008 4145 Grotthonis
1038 4070 1240 4166 episcopus
1269 4069 1358 4141 Cra·

256 4172 466 4272 coviensis,
494 4174 555 4272 qui
580 4172 672 4246 vixit
696 4171 827 4271 viginti
855 4172 963 4246 annis
989 4182 1027 4245 et
1051 4174 1196 4243 duobus
1217 4166 1356 4241 mensi-

254 4279 334 4349 bus
362 4276 431 4352 Cui
441 4275 632 4350 successit
650 4276 783 4349 Petrus
804 4274 925 4348 dictus
945 4270 1121 4365 Scyrthik
1140 4281 1178 4343 et
1195 4270 1232 4343 in
1253 4268 1355 4341 curia
