3050 4900
275 317 491 395 ANNALES
518 317 733 396 CAPITULl
759 320 1111 397 cnecovtenstS.
1199 325 1246 402 21

149 529 432 616 remanserant
450 529 491 596 ut
518 543 605 594 cum
623 521 827 596 retroversi
853 520 1018 597 infinitas
1037 522 1250 636 phalanges

148 621 285 736 prelati
304 620 463 698 Romani
491 620 621 696 dolose
641 632 679 693 et
695 621 953 696 fraudulenter
971 623 1157 696 excidium
1182 625 1250 698 Po·

148 722 250 797 lonie
266 721 500 821 procurantis
521 721 652 794 audaci
672 723 1131 822 congressuimpeterent
1149 747 1249 797 unus

149 821 253 901 mille
274 832 312 896 et
330 823 402 896 duo
421 825 553 894 decem
573 821 673 894 milia
693 823 930 920 fugaverunt.
960 825 1121 921 lnsuper
1145 825 1249 900 cedia

150 922 396 998 valitudinem
415 921 618 1002 inauditam
639 922 708 995 luit
734 933 942 1020 protestata
980 934 1017 996 et
1053 928 1248 999 exundans

152 1023 296 1099 cruoris
322 1021 486 1095 effusio
476 1046 513 1094 ru
532 1019 688 1096 flumine
706 1024 834 1098 Wizla.
870 1024 975 1096 Tunc
993 1026 1092 1096 unda
1110 1024 1248 1098 ibidem

151 1125 278 1200 nativo
299 1123 425 1196 colore
443 1121 481 1195 in
500 1126 651 1197 rubrum
672 1134 929 1198 commutante
948 1133 987 1196 et
1004 1123 1248 1199 innumerosa

152 1229 379 1300 cadaverum
400 1223 537 1299 ibidem
552 1223 589 1296 in
604 1222 830 1299 Polonorum
853 1223 993 1297 victrici
1013 1227 1167 1300 dextera
1187 1250 1248 1299 ca·
1308 1238 1311 1243 '

152 1325 327 1402 dencium
351 1324 558 1396 multitudo.

232 1426 338 1500 1207.
362 1425 474 1498 Fulco
495 1422 696 1521 episcopus
715 1425 981 1500 cracoviensis
1004 1425 1103 1500 obiit.
1258 1452 1360 1508 saun.

232 1527 338 1600 1208.
357 1524 598 1599 Wincencius
615 1525 795 1600 canonice
814 1527 972 1622 electus,
989 1551 1011 1598 a
1030 1551 1129 1624 papa
1140 1527 1249 1600 luno

154 1625 284 1700 cencio
300 1624 543 1700 confirmatus
564 1634 600 1699 et
614 1649 683 1721 per
697 1625 900 1697 Henricum
920 1627 1277 1726 archiepiscopum

152 1727 191 1801 in
212 1727 433 1825 episcopum
453 1725 743 1803 Cracoviensem
765 1739 1008 1800 consecratus
1033 1737 1102 1801 est

232 1830 339 1902 1211.
359 1827 486 1900 Mesco
506 1830 579 1900 dux
598 1826 787 1900 Ratiborie
802 1828 905 1924 obiit,
922 1827 1131 1902 Karimirus
1149 1827 1361 1910 [itinerans.

155 1951 248 2002 suus
267 1927 444 2001 succedit
571 2000 577 2008 ,

233 2031 339 2104 1215.
359 2027 478 2104 Rome
497 2027 637 2102 factum
660 2035 720 2100 est
738 2026 936 2100 concilium
955 2037 1127 2125 tempore
1142 2029 1249 2102 lnno·

156 2127 275 2202 cencii
267 2127 356 2204 lll.

233 2231 339 2303 1216.
367 2225 614 2304 innocencius
640 2250 738 2325 papa
764 2193 1071 2324 predictusobiit.
1269 2254 1361 2301 rnre.

233 2331 339 2403 1217
367 2327 577 2402 Christinus
610 2327 797 2425 palatinus
832 2327 1101 2423 meronensis,
1137 2328 1248 2402 miles

154 2428 470 2505 strennuissimus
488 2438 666 2527 precepto
682 2428 787 2503 ducis
804 2429 964 2505 Conradi
984 2439 1149 2523 cecatur,
1167 2438 1249 2502 tan·

153 2534 239 2606 dem
260 2530 445 2603 violenter
461 2529 660 2627 iugulatur.
693 2531 739 2602 Et
757 2529 843 2627 quia
863 2554 1012 2603 summa
1032 2532 1126 2629 petit
1142 2530 1249 2644 livor,

154 2631 241 2730 quia
266 2630 386 2703 eciam
416 2654 500 2705 curn
527 2630 627 2703 male
655 2640 862 2727 queruntur
889 2654 1093 2728 prospera,
1120 2631 1250 2729 sepius

154 2734 313 2805 adversa
329 2733 548 2826 succedunt
574 2728 645 2803 ilos
663 2730 1059 2804 milicielllazoviensis
1079 2754 1250 2805 marcore

151 2830 351 2907 lividorum
371 2831 503 2905 cecidit
522 2841 559 2903 et
578 2854 708 2903 murus
735 2829 855 2903 tocius
874 2841 933 2905 est
957 2831 1123 2904 blazovie
1143 2831 1250 2905 dissi·

152 2942 280 3033 patus,
305 2933 506 3029 totalisque
534 2940 634 3003 terra
662 2930 829 3003 Mazovia
854 2931 952 3004 lacte
979 2940 1017 3003 et
1041 2931 1154 3005 melle
1173 2956 1252 3004 ma·

153 3057 264 3147 nans,
291 3042 378 3105 tunc
397 3032 561 3105 maxime
579 3030 682 3103 mel
673 3055 710 3102 in
730 3030 958 3105 absinthium
979 3041 1016 3104 et
1034 3030 1120 3105 lac
1111 3030 1253 3131 incepit

153 3132 191 3207 in
211 3135 371 3207 adversa
392 3131 516 3205 nubila
537 3140 784 3206 commutare

230 3237 338 3309 1218.
370 3232 610 3306 Wincencius
634 3231 836 3329 episcopus
852 3231 1114 3306 Cracoviensis
1143 3232 1251 3306 cedit.

152 3332 217 3407 lvo
236 3332 403 3407 succedit
419 3344 535 3447 etper
550 3332 751 3406 Henricum
772 3332 1100 3431 archiepiscopum
1125 3331 1250 3430 inepi-

154 3457 313 3530 scopum
332 3433 624 3509 Cracoviensem
645 3442 897 3505 consecratur.

233 3534 340 3608 1219.
359 3533 543 3606 Henricus
563 3532 872 3631 archiepiscopus
891 3531 990 3605 obtin
1260 3559 1361 3607 nam

232 3632 375 3707 1221.
365 3656 401 3703 tn
422 3632 584 3706 Prudnih
603 3633 790 3731 hospitale
810 3635 856 3706 de
875 3641 1006 3706 sancto
1025 3629 1158 3728 spiritu
1183 3654 1252 3729 per

151 3734 309 3809 lvonem
325 3731 544 3832 episcopum
565 3736 611 3805 de
630 3756 819 3807 consensu
833 3731 984 3829 capituli
1002 3730 1250 3804 constituitur.

233 3834 339 3909 1222
376 3857 445 3931 per
472 3834 635 3905 eundem
665 3832 820 3906 lvonem
855 3834 945 3905 ordo
970 3831 1251 3904 predicatorum

153 3936 199 4007 ad
219 3933 397 4007 Sanctam
414 3931 631 4006 Trinitatem
647 3932 696 4005 de
714 3932 878 4030 civitate,
898 3941 935 4005 et
952 3931 990 4003 in
1006 3931 1249 4005 Kacichordo

153 4032 417 4108 Cisterciensis
438 4031 624 4107 statuitur.

230 4135 336 4210 1223.
367 4130 608 4209 Wincencius
641 4131 845 4231 episcopus
870 4130 1134 4207 Cracoviensis
1160 4130 1250 4205 obiit
