3050 4900
412 447 628 525 anninus
657 439 1068 524 POLONORUM1.'
1206 453 1257 526 su
1366 421 1369 425 ’

161 645 476 746 archiepiscopus
520 649 618 724 obiit.
753 650 895 721 Eodem
932 673 1030 720 anno
1076 649 1257 749 Griphina

161 774 255 820 uxor
286 749 390 822 ducis
421 750 618 823 Lestconis
650 749 888 844 Syradiensis
921 750 1095 848 deposuit
1131 755 1176 823 de
1214 775 1257 823 se

160 851 314 948 peplum
336 851 495 947 publice,
523 876 568 923 eo
588 853 686 949 quod
705 849 795 922 dixit
820 875 863 922 se
884 874 971 923 esse
992 850 1177 946 virginem
1203 851 1257 921 in·

161 960 397 1047 corruptam3
423 974 494 1022 neo
521 956 566 1023 ab
594 975 638 1024 eo
667 960 817 1047 poterat
836 953 1014 1048 cognosci
1034 961 1187 1049 propter
1204 951 1258 1022 in·

159 1051 375 1148 potenciam
395 1051 512 1147 ipsius
533 1061 571 1123 ut
590 1051 793 1124 dicebatur.

239 1152 345 1224 1272.
372 1153 444 1222 dux
470 1151 621 1224 maioris
642 1150 795 1223 Polonie
814 1151 1011 1223 Bolezlaus
1032 1150 1130 1225 obiit.
1268 1147 1358 1267 {2⁷93

158 1247 160 1250 ’
238 1252 344 1326 1273.
371 1252 444 1324 dux
470 1251 668 1324 Boleslaus
688 1251 950 1326 Cracoviensis
971 1252 1147 1323 convenit
1173 1275 1258 1323 cum
1289 1235 1322 1277 ω’
1359 1255 1365 1266 “

159 1349 344 1423 Primizlio
365 1375 456 1447 rege
475 1352 656 1425 Bohemie
676 1351 711 1422 in
733 1351 890 1448 Opavia,
914 1362 952 1423 et
966 1351 1118 1423 firmant
1132 1351 1258 1423 amici·

138 1451 258 1527 ,ciam
275 1463 509 1548 perpetuam.
573 1455 716 1526 Eodem
741 1476 839 1522 anno
857 1452 1038 1524 Litlrwani
1065 1452 1258 1524 miserabi·
1389 1530 1393 1533 ,

121 1587 122 1592 1
160 1551 247 1623 liter
281 1555 576 1625 devastaverunt
609 1563 750 1624 terram
785 1551 1065 1625 Lublinensem.
1171 1553 1257 1649 lpso

161 1675 260 1724 anno
280 1651 431 1749 quidam
456 1651 594 1725 milites
620 1651 894 1724 Cracovienses
920 1664 1188 1750 processerant
1210 1657 1256 1726 ad

161 1755 297 1825 ducem
321 1752 567 1850 Opoliensem
588 1752 836 1825 Wladizlaum
861 1778 945 1825 cnm
979 1753 1257 1851 tota-potencia

161 1877 236 1932 sua,
251 1855 297 1924 de
323 1853 476 1924 consilio
493 1853 660 1951 episcopi
683 1853 786 1926 Pauli
804 1853 995 1928 Cracovie.
1037 1854 1112 1926 Sed
1127 1855 1256 1926 Bolen-

126 2012 129 2018 .
158 1953 243 2026 laus
256 1953 372 2025 misso
386 1953 550 2026 exercitu
565 1953 852 2051 comprehendit
866 1977 932 2026 eos
951 1954 988 2024 in
1008 1978 1142 2051 campo
1158 1954 1257 2026 circa

160 2053 370 2150 Boguczin,
397 2065 434 2126 et
455 2048 794 2152 cornmisso'prelio
814 2053 898 2125 forti
921 2055 1136 2126 ceciderunt
1150 2055 1256 2127 multi

160 2179 207 2226 ex
222 2165 379 2252 utraque
401 2165 506 2252 parte
522 2155 790 2252 quamplures.
867 2154 959 2226 ltem
981 2155 1084 2227 venit
1111 2179 1183 2226 vox
1210 2159 1256 2228 ad

160 2254 316 2327 Paulum
355 2255 576 2353 episcopum
610 2255 903 2327 Cracoviensem
932 2255 1078 2328 dicens:
1112 2256 1155 2328 Ve
1181 2257 1256 2350 uti,

160 2359 321 2451 episcope
337 2356 462 2452 Paule,
480 2356 603 2428 melius
620 2358 682 2428 tibi
697 2358 835 2446 fuisset,
854 2358 886 2426 si.
901 2363 1010 2428 natus
1028 2379 1098 2427 non
1115 2357 1256 2441 fuisses,

160 2457 266 2529 Hanc
284 2481 418 2529 vocem
450 2456 648 2529 audierunt
678 2461 775 2530 bene
806 2460 856 2530 70
881 2456 960 2528 viri.
1005 2457 1259 2553 lnponebatur

160 2557 261 2630 enim
278 2556 413 2654 eidem,
434 2560 530 2655 quod
551 2558 633 2655 ipso
653 2568 876 2655 procurante
895 2557 1030 2629 fuisset
1050 2559 1145 2630 facta
1163 2569 1256 2630 stra-

161 2682 231 2755 ges
243 2658 460 2756 supradicta
475 2659 668 2743 inLublin.
701 2660 868 2731 Tandem
886 2669 970 2754 post
986 2658 1256 2754 aliquantulum

160 2769 313 2856 tempus
339 2758 442 2830 venit
458 2784 530 2832 vox
549 2758 678 2832 dicens
699 2759 750 2831 ei:
776 2760 1019 2851 Nuntiatum,
1045 2759 1168 2850 Paule,
1194 2763 1258 2844 soc

162 2860 329 2957 quicquid
346 2858 518 2953 uolueris,
544 2862 628 2954 quia
647 2883 713 2953 epo
731 2866 847 2930 tecum
865 2882 955 2928 sum.
999 2859 1105 2929 Hanc
1123 2882 1256 2930 vocem

162 2959 360 3033 audierunt
394 2958 501 3031 multi
536 2960 673 3031 fratres
709 2958 1000 3052 Predicatorum‚
1033 2958 1069 3028 in
1098 2978 1255 3055 quorum

163 3065 273 3134 domo
294 3084 338 3131 eo
358 3070 530 3157 tempore
551 3062 765 3131 morabatur
790 3068 877 3130 ante
901 3057 1133 3130 Cracoviam.
1170 3060 1259 3133 Post

161 3161 431 3257 aliquantulum
464 3183 554 3231 vero
589 3160 740 3257 tempus
777 3161 909 3229 eodem
945 3182 1063 3253 anno‚
1090 3160 1257 3257 predicto

163 3262 340 3359 episcopo
370 3261 451 3334 solo
480 3261 665 3334 existente
693 3258 729 3330 in
757 3259 925 3351 cubiculo
945 3284 1027 3353 suo,
1060 3260 1161 3331 venit
1185 3286 1259 3331 vox

161 3366 207 3434 de
224 3386 312 3433 aere
331 3361 479 3434 dicens:
506 3362 586 3433 lllon
603 3363 743 3453 timeon,
756 3359 880 3452 Paule,
898 3362 962 3445 foc
976 3361 1073 3454 quod
1089 3363 1152 3455 vis,
1172 3364 1257 3456 quia

159 3464 308 3555 septimo
329 3486 424 3533 anno
451 3464 624 3534 morieris.
669 3461 746 3532 Nec
766 3459 931 3533 distinxit
950 3470 1074 3533 utrum
1094 3461 1257 3559 septimo

163 3584 262 3632 anno
290 3560 530 3657 episcopatus
562 3560 620 3635 sui
652 3562 713 3632 vel
738 3562 900 3659 septimo
916 3585 1014 3632 anno
1031 3564 1076 3633 ab
1097 3585 1142 3633 eo
1161 3573 1257 3633 tem÷

161 3684 268 3759 pore,
300 3684 373 3757 quo
404 3662 476 3732 hec
505 3687 577 3733 vox
608 3664 654 3733 ad
679 3661 806 3759 ipsum
830 3662 929 3733 facta
954 3672 1022 3733 est.
1069 3662 1123 3733 Ad
1144 3687 1257 3759 quam

159 3786 294 3835 vocem
311 3760 505 3859 respondit
519 3762 735 3860 episcopus:
769 3764 875 3856 Bene,
894 3761 1026 3859 inquit,
1044 3764 1128 3856 puio
1146 3786 1258 3858 usque

161 3864 213 3935 ud
229 3864 415 3957 septimum
431 3885 564 3935 annum
579 3875 707 3957 potero
726 3865 836 3935 vitam
851 3887 968 3935 meam
983 3863 1183 3935 emendare.
1212 3865 1258 3936 Et

160 3964 259 4035 hanc
278 3986 410 4035 vocem
431 3962 628 4034 audierunt
646 3964 773 4060 plures
793 3963 854 4059 qui
874 3963 1025 4037 stabant
1043 3973 1130 4035 ante
1159 3963 1257 4037 cubi-

162 4064 286 4136 culum
313 4063 443 4161 ipsius.
553 4064 661 4135 Anno
688 4063 772 4160 ipso
798 4063 996 4136 Bolezlaus
1024 4067 1093 4134 dux
1123 4062 1257 4136 Craco·
1337 4106 1340 4111 -

160 4163 221 4238 vie
241 4175 279 4237 et
295 4162 543 4257 Sandomirie7
569 4164 766 4236 Bolezlaus
786 4167 858 4235 dux
877 4164 1042 4258 Polonie7
1062 4164 1257 4237 Conradus

161 4268 234 4337 dux
259 4265 439 4363 Mazovie,
465 4264 600 4339 Lestco
629 4266 703 4352 dux
721 4262 890 4361 Syradie,
914 4263 1096 4339 intrantes
1115 4276 1256 4338 terram
