3050 4900
279 404 351 476 110
517 395 731 472 ANNALES
758 386 1130 474 MECHOVlENSES.

275 625 377 672 anno
395 599 578 698 piscinam
599 597 833 695 superiorein
863 597 960 670 circa
989 597 1165 670 allodium
1192 610 1230 671 et
1253 597 1290 671 in
1310 622 1370 672 se·

278 701 405 798 quenti
424 723 522 772 anno
542 698 653 770 aliam
672 698 888 770 inferiorern
908 698 1093 795 piscinam
1121 700 1371 772 consumavit.

356 803 461 874 1410.
497 803 656 872 domnas
687 799 847 870 Michael
881 799 964 896 ipse
994 801 1149 871 domum
1183 811 1372 872 muratam

278 900 390 972 sitam
415 902 461 972 ad
486 910 633 997 partem
665 898 849 995 aquilonis
881 899 981 970 iuxta
1012 898 1223 972 brazuriurn
1247 923 1371 972 mura·

277 1011 358 1072 turn
376 1001 473 1096 quud
507 999 627 1072 eciam
654 999 753 1070 idern
783 999 997 1096 prepositus
1025 1009 1112 1071 ante
1135 1001 1295 1093 fecerat2
1324 1023 1371 1071 ex

277 1101 424 1196 integro
452 1099 696 1172 consumavit.
767 1101 860 1170 ltern
887 1102 1022 1171 eodem
1061 1124 1159 1171 anuo
1185 1100 1370 1198 templum

279 1224 366 1272 cum
387 1201 541 1297 plumbo
573 1199 666 1272 texit
698 1208 735 1270 et
760 1199 881 1270 eciam
907 1198 1136 1272 testudinem
1163 1199 1200 1270 in
1228 1200 1371 1296 templo
1458 1202 1463 1211 '

279 1311 316 1372 et
334 1301 459 1372 onmia
478 1301 572 1372 vitra
589 1299 1018 1396 infenestrisordinavit‚
1035 1299 1371 1371 sacristiamunam

278 1401 376 1472 circa
395 1400 585 1497 antiquam
606 1410 645 1472 et
662 1400 774 1472 aliam
790 1399 1002 1473 sacristiam
1021 1410 1193 1497 exparte
1212 1399 1370 1472 civitatis

279 1500 400 1574 eciam
419 1503 552 1573 eodem
573 1525 670 1572 anno
692 1499 788 1571 fecit.

356 1603 463 1675 1409.
501 1600 671 1671 cruciferi
708 1599 951 1672 Prufinenses
981 1609 1123 1673 terram
1153 1598 1372 1671 Dobrinien·

278 1723 361 1772 sem
394 1702 696 1792 devastaverunt‚
736 1709 902 1771 castrum
934 1700 1096 1772 Zlutoria
1123 1699 1262 1771 dictum
1290 1700 1372 1771 fun·

277 1801 375 1873 ditus
395 1801 602 1896 fregerunt,
620 1799 868 1873 Dobriniense
892 1811 1059 1872 castrum
1085 1801 1372 1894 conbusserunt,

278 1899 515 1972 Bovrownilri
535 1910 700 1973 castrum
726 1909 1015 1998 occupaverunt.
1092 1901 1233 1972 Eodem
1270 1923 1369 1970 anno

277 2025 345 2074 rex
370 2001 596 2074 Wladislans
632 1999 806 2094 Polonie⁷
841 2001 998 2072 nacione
1030 1999 1257 2094 Littwanus,
1286 2023 1372 2070 cum

284 2100 448 2174 maxima
474 2110 587 2197 gente
608 2109 737 2172 contra
764 2103 919 2172 eosdem
939 2100 1142 2172 cruciferos
1162 2098 1373 2197 expedicio·

279 2226 368 2274 nem
396 2201 497 2295 fecit,
524 2204 590 2274 sed
627 2210 716 2271 tunc
751 2223 818 2271 rex
845 2201 1032 2273 Bohemie'
1058 2225 1126 2298 per
1153 2224 1244 2272 suos
1269 2201 1371 2296 lega-

184 2313 337 2374 caetos
358 2301 445 2374 fecit
464 2311 617 2398 treugas
636 2300 733 2372 inter
751 2311 928 2397 utrasque
943 2311 1084 2398 partes,
1103 2300 1159 2373 sic
1177 2298 1371 2396 expedicio

279 2401 395 2475 nostri
411 2401 513 2498 regis
529 2424 602 2474 non
619 2399 686 2473 fuit
700 2411 826 2499 optato
842 2399 917 2474 fine
933 2411 1165 2475 consumata.
1229 2402 1371 2474 Eodem

280 2527 378 2576 anno
406 2506 565 2575 domnus
591 2503 724 2575 Petrus
760 2502 962 2600 episcopus
996 2501 1257 2575 Cracoviensis
1285 2526 1373 2573 cum

278 2602 476 2676 lllsuzislao
503 2605 635 2675 abbate
661 2605 707 2674 de
734 2602 897 2696 Tynczia
921 2603 1129 2676 Ierusalem
1156 2602 1373 2701 sepulcrum

279 2702 428 2778 Domini
446 2701 693 2776 visitaverunt
712 2712 750 2775 et
767 2727 865 2775 anno
884 2704 1058 2800 sequenti
1076 2702 1297 2777 Cracuviam
1314 2726 1373 2774 re-

280 2813 476 2877 venerunt.

330 2906 436 2977 Anno
463 2902 612 2975 Domini
641 2906 746 2977 1410.
779 2902 1004 2976 wladislaus
1037 2926 1104 2975 rex
1130 2901 1282 2976 Polonie
1308 2912 1375 2975 na·

282 3003 389 3077 cione
422 3002 625 3076 Littwanus
650 3026 724 3073 una
752 3027 838 3075 cum
871 3003 985 3077 fratre
1009 3027 1078 3075 suo
1112 3002 1254 3076 Vitoldo
1278 3006 1373 3075 duce

282 3127 460 3201 supremo
488 3102 682 3176 Littivanie
716 3103 928 3176 habuerunt
963 3104 1102 3176 bellurn
1131 3127 1216 3175 cnm
1255 3104 1372 3176 cruci-

171 3234 213 3277 m.
237 3204 371 3279 nferis
396 3202 489 3275 feria
515 3206 548 3277 3.
566 3202 650 3299 ipso
682 3202 740 3275 die
769 3202 959 3276 divisionis
979 3204 1236 3301 apostolorum
1256 3228 1375 3301 prope

283 3304 472 3377 civitatem
500 3304 761 3398 Dambrowno,
789 3302 826 3375 in
858 3328 992 3401 campo
1024 3304 1121 3376 dicto
1148 3304 1374 3399 Grindwant,

283 3403 488 3503 vulgariter
505 3403 750 3501 Zelone-pole
770 3404 885 3499 dict03
913 3404 974 3477 ubi
998 3404 1170 3478 dominus
1189 3406 1292 3477 Deus
1312 3406 1374 3475 de·

283 3506 334 3579 dit
367 3505 489 3578 eidem
524 3506 663 3576 domno
697 3504 777 3600 regi
814 3515 931 3577 totam
964 3504 1158 3578 victoriam
1191 3504 1375 3601 obtinere,

283 3608 380 3705 quod
409 3606 445 3677 in
466 3607 598 3678 eodem
619 3604 716 3677 bello
744 3628 813 3677 seu
838 3603 1012 3677 conflictu
1030 3604 1207 3704 prostrati
1224 3605 1377 3678 fuerunt

283 3705 467 3804 magister
493 3705 663 3797 Prussie,
691 3730 712 3777 a
747 3706 824 3778 suis
851 3706 1062 3779 marsalcus
1091 3709 1379 3778 commendator.

283 3811 329 3881 de
362 3806 540 3881 Gdanculr
581 3816 618 3878 et
648 3805 707 3877 alii
741 3830 854 3901 quarn
885 3807 1013 3903 plures
1046 3809 1375 3878 commendatores

285 3917 323 3981 et
355 3908 434 3979 fere
462 3930 597 3979 omnes
630 3906 802 4002 pociores
830 3906 1097 3979 cruciferorum
1123 3917 1213 3978 tunc
1252 3905 1291 3977 in
1317 3929 1378 3979 eo·

284 4010 369 4079 dem
406 4008 502 4080 bello
537 4006 762 4079 ceciderunt.
814 4006 942 4079 Eciam
978 4007 1097 4079 multa
1132 4006 1232 4077 milia
1269 4009 1376 4079 baro·

284 4130 374 4179 num
408 4118 445 4178 et
471 4105 650 4179 nobilium
678 4131 772 4203 quus
797 4109 1052 4179 conduxerant
1075 4109 1121 4180 de
1149 4106 1284 4199 Misna,
1307 4106 1378 4177 Ra-

284 4206 410 4305 uaria,
428 4209 475 4281 de
494 4206 677 4302 Ren0‚¹de
696 4207 891 4304 bohemia,
918 4206 1040 4280 Slesia
1059 4217 1097 4279 et
1123 4205 1310 4304 Ungaria,
1332 4208 1379 4279 dc
