3050 4900
286 333 502 430 anninus
529 353 744 431 cornum
771 352 1123 432 crnccvrsnsrs.
1206 353 1257 429 as

162 554 357 632 martirum
385 554 593 651 ascribitur,
620 555 778 653 eiusque
803 555 1064 655 sollempnitas
1094 560 1130 629 8.
1153 554 1259 629 Ydus

163 657 251 732 Maii
279 681 365 731 cum
391 657 611 730 reverencia
637 667 675 730 et
697 657 950 729 veneracione
968 655 1145 731 statuitur
1162 655 1260 728 cete·

163 759 314 834 brunda.
350 757 489 830 Prefati
508 766 635 830 autem
656 756 779 829 nuncii
799 780 869 854 spe
879 781 955 830 non
973 756 1146 852 fraudati7
1161 753 1260 828 desi·

148 857 384 956 -deriopotiti
404 858 604 956 adeptiqne
623 857 680 931 sui
695 857 843 954 negocii
859 856 998 930 exitum
1009 866 1260 955 peroptatum,

162 959 229 1033 leti
258 969 295 1032 et
311 957 523 1032 incolumes
542 959 580 1030 in
595 957 787 1032 Poloniam
807 968 895 1030 sunt
910 957 1065 1031 reversi.
1116 957 1260 1030 Eodem

164 1083 263 1134 anno
283 1062 356 1133 dux
371 1058 570 1132 Boleztaus
584 1058 765 1133 Cracovie
779 1061 900 1130 etdnx
914 1058 1145 1132 Wiadizlaus
1162 1057 1261 1153 Opo-

163 1159 392 1234 liensiscum
402 1160 661 1232 Ruthenorum
679 1156 1262 1257 exercituterramOpaviensem

163 1270 411 1334 vastaverunt
435 1269 472 1332 et
499 1259 656 1332 multam
682 1258 864 1331 familiam
898 1270 937 1332 et
962 1262 1118 1357 predam
1148 1257 1260 1330 aliam

164 1362 264 1434 idem
283 1359 445 1434 Rutheni
464 1363 707 1433 abduxerunt
1300 1387 1342 1420 x

245 1453 519 1536 1255655155
534 1459 642 1532 mites
657 1459 782 1555 obiit,
777 1459 840 1556 qui
854 1469 1006 1532 centum
1020 1458 1083 1530 vel
1101 1423 1262 1555 amplius

167 1583 351 1636 annorum
371 1583 488 1634 senex
515 1559 666 1633 exstitit.
702 1561 771 1634 Hic
798 1559 1106 1633 multamiracula
1142 1558 1263 1631 sancti

163 1660 356 1756 Stanyzlai
373 1660 555 1758 magistro
574 1661 683 1732 Petro
701 1660 892 1759 preposito
905 1659 1096 1755 kylciensi
1112 1683 1157 1732 ea
1172 1658 1262 1731 scri·

166 1761 269 1837 benti
283 1771 323 1835 ct
334 1771 444 1857 gesta
460 1761 683 1835 Polonorum
697 1761 854 1834 miiitum
868 1761 1094 1856 inclitorum,
1103 1758 1264 1832 fideliter

168 1861 367 1936 enarravit.

244 1962 352 2037 1256.
380 1983 446 2034 rex
464 1960 702 2035 Wilihelmus
731 1963 779 2036 de
806 1961 989 2034 Holandia
1022 1960 1171 2034 occisus
1203 1969 1264 2033 est

166 2061 433 2160 pchrisones.
460 2060 1180 2160 Thomas-episcopusWratinlaviensis
1194 2083 1263 2158 per

166 2161 385 2236 Boiezlaum
411 2161 691 2234 dueemZiesie
719 2173 853 2259 captus
878 2172 1097 2260 tractusque
1124 2160 1263 2235 misere
1278 2161 1372 2214 Μ’·

166 2263 205 2337 in
231 2262 418 2358 Legnicz,
452 2262 520 2334 fuit
550 2269 630 2334 erte
665 2264 836 2336 custodie
862 2265 1075 2356 deputatus.
1119 2263 1262 2334 Eodem

167 2387 267 2436 anno
293 2364 391 2435 idem
418 2362 618 2461 episcopus
643 2362 849 2437 dimittitur.
891 2363 1091 2438 Lanchicie
1116 2363 1264 2462 provin·

169 2464 273 2537 cialis
294 2466 458 2558 synodus
477 2464 699 2537 celebratur,

246 2565 353 2640 1257.
390 2564 651 2637 cracoviensis
679 2563 811 2638 civitas
837 2565 907 2637 iuri
932 2562 1165 2638 Theutonico
1191 2575 1264 2639 tra·

77 2669 81 2677 '
169 2665 267 2738 ditur
291 2674 327 2738 et
352 2664 447 2738 situs
466 2664 534 2737 fori
554 2686 623 2763 per
641 2667 846 2739 advocatos
872 2675 911 2737 et
927 2668 1124 2738 domorum
1147 2674 1185 2739 et
1203 2691 1265 2739 cu·

168 2766 309 2837 riarum
328 2764 557 2838 immutatur.
589 2765 664 2839 Sed
678 2764 792 2837 iidem
811 2766 984 2837 advocati
1002 2765 1039 2837 in
1059 2788 1128 2837 sua
1152 2768 1265 2839 advo·

155 2865 273 2939 *cacia
302 2866 492 2939 modicum
522 2868 761 2937 duraverunt.
805 2867 947 2939 Eodem
968 2890 1067 2937 anno
1093 2869 1184 2940 ordo
1217 2868 1264 2939 de

167 2963 382 3064 penitencia
398 2970 591 3039 beatorum
613 2965 806 3037 martirum
825 2965 1155 3060 intratPoloniam‚
1174 2990 1264 3063 pon·

168 3066 331 3139 tificatus
350 3064 550 3139 Alexandri
568 3065 624 3138 lv.
643 3066 894 3139 Eodcmanno
911 3066 1116 3163 pridieKai.
1130 3068 1264 3140 Febru-
1273 3069 1320 3115 ¹⁸¹²
1334 3062 1373 3115 ³¹·

169 3166 238 3239 arir
229 3164 340 3239 luna
360 3176 505 3263 quarte,
529 3165 623 3238 infra
638 3167 772 3238 horam
798 3166 930 3263 prime,
952 3168 1073 3241 factus
1090 3178 1148 3241 est
1163 3178 1264 3241 terre

168 3276 328 3341 motus.
1047 3312 1051 3318 ·

249 3368 355 3441 1258.
391 3365 503 3441 Fuicc
522 3364 832 3463 archiepiscopus
848 3365 1085 3440 Gneznensis
1105 3366 1205 3441 obiit
1272 3372 1365 3432 ⁸¹¹riu

249 3467 357 3539 1259.
392 3466 590 3539 Boiezlaus
616 3468 689 3537 dux
709 3468 888 3541 Cracovie
907 3491 993 3540 cum
1012 3468 1084 3541 alio
1102 3468 1142 3540 B.
1169 3471 1264 3541 duee

170 3562 325 3637 Polonie
355 3589 440 3637 cum
460 3566 539 3639 suis
566 3566 791 3640 exercitibus
810 3577 950 3639 terram
979 3566 1267 3640 Lanciciensem

171 3666 426 3739 devastarunt.
462 3667 603 3739 Eodem
629 3690 728 3739 anno
744 3667 916 3740 Thartari
944 3666 1137 3740 barbarica
1163 3667 1267 3740 rabie

171 3764 364 3839 sevientes
393 3764 522 3838 fraude
548 3764 808 3840 infidelitatum
836 3767 1033 3863 virulenta⁷
1060 3792 1133 3865 que
1151 3790 1268 3865 quan·

171 3888 284 3963 quam
309 3864 447 3939 ceteris
473 3866 639 3939 barbaris
667 3867 715 3940 sit
742 3866 892 3962 inolita
918 3867 990 3941 hiis
1010 3866 1189 3968 precipue
1208 3877 1269 3943 est

170 3964 297 4039 innata
325 3964 551 4064 propensius
578 3977 822 4064 prepotentes
857 3976 896 4039 et
927 3978 1111 4083 tanquam
1141 3970 1267 4044 sevire

170 4065 279 4139 belua
308 4088 459 4164 semper
487 4075 661 4163 prompta
678 4076 818 4139 terram
838 4066 1111 4141 Sandomirie
1081 4068 1267 4183 rngressi

166 4188 239 4239 sua
268 4165 497 4240 truculencia
517 4164 736 4263 inhumana,
756 4190 829 4263 que
846 4190 918 4241 nec
936 4168 1042 4241 sexui
1068 4157 1267 4244 consuevit
