3050 4900
256 419 306 490 38
356 417 574 493 ANNALES
601 421 957 496 CRACOVIENSES
986 422 1250 497 cunrlnnrl.

335 617 442 688 1131.
469 621 543 690 dux
561 619 771 694 Kazirnirus
799 621 897 695 obiit.

338 717 443 787 1132.
484 719 680 793 Boteslaus
718 717 831 794 intrat
863 722 1095 818 Hungariarn
1128 734 1166 795 et
1197 722 1358 820 prelium

262 837 347 885 cum
368 815 557 912 Hungaris
579 821 777 895 commisit.

149 949 196 992 nn.
215 945 250 993 rc.
341 918 447 988 1133.
468 919 624 991 Bohemi
643 921 680 991 in
694 921 847 993 Potonia
870 922 1051 993 ecclesias
1071 925 1360 995 succenderunt.

149 1040 251 1085 11111.
341 1018 447 1089 1135.
469 1019 635 1092 Wisticia
655 1024 745 1093 cede
768 1022 988 1094 Plancorum
1005 1022 1086 1094 sive
1105 1024 1360 1097 Cumanorum

264 1114 476 1189 destruitur.

343 1218 448 1288 1136.
483 1217 680 1292 Boleslaus
709 1224 771 1293 dat
802 1221 915 1293 filiam
945 1246 1052 1294 suam
1078 1221 1160 1317 regi
1185 1221 1361 1316 Ungarie.

343 1318 450 1388 1138.
476 1319 685 1392 Kazirnirus
702 1319 802 1394 filius
818 1322 992 1415 Boleslay
1011 1333 1120 1393 natus
1142 1332 1210 1393 est.

14 1493 17 1502 ,
155 1447 254 1494 naas.
344 1418 451 1488 1138.
480 1419 677 1492 Bolestans
696 1421 752 1492 in.
779 1420 913 1517 dictus,
940 1421 1089 1493 inclitus
1109 1423 1182 1492 dux
1207 1420 1363 1492 Polono·

266 1537 349 1584 rurn
380 1517 478 1589 obiit.
532 1520 606 1592 lste
634 1521 832 1593 Boteslaus
871 1521 1072 1593 ecclesiam
1104 1521 1221 1593 sancti
1253 1522 1363 1593 Wen-

268 1614 407 1707 ceslay.
437 1642 549 1713 quam
581 1631 690 1717 pater
722 1621 802 1693 eius
831 1624 1070 1715 fundaverat,
1106 1620 1292 1692 edificavit
1326 1630 1365 1692 et

269 1715 318 1786 20
349 1716 551 1790 canonicos
575 1721 612 1791 in
633 1745 677 1792 ea
702 1721 904 1794 constituit.
939 1722 1057 1793 Huius
1079 1720 1251 1814 Buleslay
1271 1730 1365 1791 tern-

266 1837 359 1910 pore
379 1817 563 1890 Henricus
583 1831 736 1916 quartus
754 1832 971 1920 yrnperator
988 1821 1138 1893 intravit
1155 1820 1363 1914 Potoniarn.

269 1925 309 1986 ut
323 1939 406 1986 earn
434 1917 502 1991 sibi
529 1921 759 2018 subiugaret⁷
782 1927 849 1996 sed
868 1923 1041 1995 Boteslao
1061 1921 1129 1994 sini
1149 1920 1363 2015 resistente,

269 2016 470 2088 revertitur
489 2017 570 2091 sine
590 2021 744 2095 honore.

348 2120 454 2192 1142.
476 2119 617 2193 Radost
635 2122 836 2219 episcopus
856 2121 955 2194 obiit.
1010 2170 1016 2186 ·
1427 2209 1436 2224 .

348 2219 455 2290 1143.
476 2219 660 2295 Robertus
677 2220 995 2296 Wratizlaviensis
1009 2220 1208 2319 episcopus
1227 2219 1365 2291 asumi·

269 2322 331 2384 tur
351 2315 387 2386 in
413 2317 631 2418 episcopum
657 2322 963 2417 Cracoviensem,
990 2320 1134 2417 etipse
1163 2320 1365 2392 ecclesiam

271 2415 370 2489 beati
389 2420 614 2517 Wencezlay
639 2420 677 2494 in
697 2423 877 2497 Cracovia
901 2421 1136 2494 consecravit
1167 2432 1205 2494 et
1231 2423 1366 2493 eodem

272 2538 370 2587 anno
399 2519 498 2592 obiit.
551 2522 618 2595 Cui
637 2524 810 2596 Matheus
830 2524 867 2594 in
888 2522 1147 2619 episcopatum
1168 2521 1364 2594 successit.

351 2622 457 2692 1145.
481 2622 612 2695 Petrus
635 2635 787 2696 cecatur
809 2634 845 2694 et
867 2623 995 2695 Potoni
1011 2622 1216 2694 exercitum
1242 2621 1367 2693 ‹tevin-

273 2728 373 2815 cunt,
393 2720 453 2815 qui
475 2722 605 2795 Petrus
626 2723 723 2797 filius
743 2723 975 2816 Swentoslay
995 2723 1198 2794 claustrum
1214 2722 1368 2792 Wratis-

271 2817 368 2890 lavie
395 2825 610 2895 construxit.

351 2923 457 2993 1146.
484 2924 710 2997 Wladislnns
738 2924 835 3020 fugit
863 2933 900 2995 et
919 2921 1098 2997 Cracovia
1124 2932 1305 2994 vastatur.

351 3023 458 3092 1147.
489 3024 682 3097 Conradns
719 3033 936 3123 ymperator
966 3022 1160 3094 Potoniam
1188 3022 1299 3093 intrat
1331 3031 1369 3091 et

274 3140 359 3189 curn
379 3121 531 3216 regibus
552 3123 783 3197 iherusalem
804 3123 936 3222 pergit.

354 3223 460 3293 1148.
480 3223 716 3316 Wladyzlaus
737 3224 835 3297 obiit.

353 3322 460 3395 1149.
481 3324 634 3395 abbacia
654 3325 829 3397 fundatur
853 3324 890 3395 in
909 3324 1102 3395 Andreow.

163 3438 263 3498 naeu
354 3420 459 3493 1153.
499 3434 651 3497 sanctus
687 3426 901 3497 Bernardus
943 3425 1057 3494 abbas
1092 3418 1369 3496 Clarevalensis

275 3517 450 3616 migravit
469 3525 513 3594 ad
534 3523 735 3597 Christum.

354 3622 461 3696 1155.
486 3624 671 3697 chricus
700 3630 774 3698 dux
799 3620 1035 3697 Sandurnirie
1065 3620 1129 3692 ivit
1154 3619 1370 3692 Ierusalem.

275 3720 352 3792 Iste
380 3722 548 3796 fundavit
574 3726 774 3799 ecclesiam
797 3725 833 3795 in
856 3724 1046 3819 Zagoscz.
1076 3746 1187 3820 quain
1218 3719 1373 3791 contulit

276 3821 353 3893 Hos
382 3822 470 3897 itali.

355 3847 462 3997 irae.
495 3924 693 3998 Boteslaus
719 3924 818 3995 fitius
844 3921 1037 3995 Meskonis
1063 3920 1239 3993 nascitur.
1268 3919 1373 3991 Tunc

276 4022 459 4117 temporis
488 4024 725 4119 Wladyslaus
754 4026 792 4097 in
820 4024 929 4096 exitio
949 4022 1046 4095 obiit.

343 4125 464 4195 1161.
497 4126 740 4199 consecracio
773 4123 1030 4199 Lanciciensis
1073 4119 1245 4193 ecclesie.
1291 4119 1374 4190 Dux

276 4220 461 4296 Henricus
481 4225 581 4299 obiit.
