3050 4900
404 481 622 559 ANNALES
651 483 948 561 POLONORUM
975 483 1001 558 l.
1209 490 1257 562 67

150 692 268 756 totam
291 687 444 781 predam
465 710 577 782 quam
598 684 668 783 ipsi
695 686 741 756 de
759 684 892 758 Lublin
917 687 1160 759 abduxerant.
1214 689 1254 761 ln

152 810 226 882 quo
256 782 430 858 conflictu
450 786 574 856 nullus
594 784 791 856 hominum
817 784 966 858 occisus
987 796 1047 858 est
1065 787 1144 858 de
1133 787 1254 884 rpsius

152 885 340 972 exercitu3
375 885 434 957 ubi
456 886 623 958 mirabile
643 886 788 980 accidit,
816 885 900 983 quia'
923 908 1037 958 canes
1058 910 1152 982 quos
1171 911 1254 985 pre·

150 985 237 1058 dicti
265 997 356 1082 gent
342 985 426 1058 tiles
452 989 696 1078 abduxerant,
724 986 806 1057 viso
832 985 960 1058 christ
935 997 1120 1057 tranorum
1149 1011 1255 1060 exer·

150 1086 225 1158 citu
243 1097 425 1183 ceperunt
442 1084 622 1182 gaudere,
646 1085 791 1158 ululare
806 1097 844 1157 et
865 1087 1033 1158 exultare
1047 1111 1116 1184 per
1130 1088 1252 1185 signa,

150 1186 213 1284 qni
241 1186 354 1258 simul
381 1211 467 1257 cum
496 1185 708 1258 christianis
735 1186 772 1256 in
800 1186 1028 1258 occisionem
1054 1188 1250 1284 gentilium

150 1286 326 1362 conversi
344 1297 432 1359 sunt
450 1287 668 1358 mordentes
689 1286 937 1360 atrocissime.
988 1289 1097 1359 Anno
1116 1289 1249 1362 eodem
1261 1299 1345 1356 [¹28⁵-1

149 1387 345 1461 lanussius
374 1387 561 1484 palatinus
589 1396 627 1459 et
652 1387 791 1459 milites
820 1387 1149 1460 Sandomirienses
1185 1413 1250 1487 op-

148 1498 358 1584 posuerunt
394 1512 435 1560 se
481 1487 645 1584 predicto
682 1487 766 1558 duci
796 1487 978 1560 Lestkoni
1013 1497 1050 1558 et
1081 1499 1247 1562 castrum

148 1587 444 1670 Sandomirense
460 1599 497 1660 et
512 1598 677 1660 castrum
693 1589 740 1660 de
759 1588 903 1659 Radom
918 1589 1150 1662 tradiderunt
1163 1591 1247 1662 duci

148 1689 333 1783 Conrado,
358 1687 514 1786 principi
529 1687 718 1783 blazowie,
742 1692 809 1760 sed
829 1689 996 1785 prefatus
1016 1692 1088 1760 dux
1106 1689 1247 1763 Lestlro

147 1788 289 1886 expulit
307 1791 520 1864 Conradum
539 1791 585 1860 de
611 1800 724 1885 terra,
744 1799 782 1860 et
801 1788 967 1885 predicta
987 1798 1112 1862 castra
1132 1800 1169 1863 et
1192 1799 1247 1864 to·

146 1899 225 1961 tam
253 1901 392 1961 terram
416 1889 454 1961 in
488 1912 582 1986 pace
610 1889 790 1986 possedit
874 1889 1016 1961 Eodem
1046 1913 1144 1961 anno
1177 1891 1247 1964 fuir

146 1990 311 2062 maxima
330 1990 489 2063 fames
480 2015 515 2062 m
544 1998 646 2061 terra
671 1986 926 2102 Cracoviensi,
952 1999 1245 2088 propterquam

146 2089 290 2162 infinita
311 2090 412 2162 milia
428 2090 624 2161 bominum
640 2090 837 2161 exiverunt
849 2087 887 2159 in
898 2089 1054 2161 Rusiam
1071 2090 1131 2162 et
1122 2116 1158 2161 m
1170 2092 1245 2164 Un-

145 2190 305 2287 gariam,
333 2193 400 2263 sed
429 2191 489 2287 qui
516 2190 662 2263 iverant
687 2189 724 2260 in
751 2188 906 2261 Rusiam
933 2189 1008 2261 dati
1041 2200 1129 2263 sunt
1155 2191 1244 2264 Tar·

145 2291 285 2384 thariS,
318 2291 495 2388 quivero
526 2289 779 2363 transiverunt
806 2289 843 2360 in
870 2289 1074 2387 Ungariam
1103 2291 1242 2366 venditi

146 2402 235 2465 sunt
253 2390 440 2466 Comanis.
517 2390 658 2464 Eodem
678 2414 777 2463 anno
800 2389 837 2462 in
857 2391 916 2463 die
936 2389 1034 2465 beati
1052 2391 1301 2466 nanciscier·
1315 2401 1338 2448 ⁴⁴

145 2493 239 2564 infra
260 2493 463 2591 capitulum
491 2493 649 2564 fratrum
676 2492 975 2587 predicatorum,
1010 2496 1107 2589 quod
1143 2495 1240 2567 cele-

146 2593 265 2666 bravit
293 2617 425 2665 eorum
450 2617 622 2666 summus
649 2592 851 2688 magister,
884 2592 1117 2666 intraverunt
1140 2593 1241 2667 Lith-

143 2693 253 2788 wani,
287 2694 424 2768 Christi
460 2693 619 2789 inimici,
652 2693 811 2791 pagani,
840 2692 1072 2767 clandestine
1100 2705 1240 2768 terram

144 2793 506 2889 Sandomiriensem,
534 2797 627 2867 duce
655 2805 692 2865 et
710 2795 790 2865 fere
810 2793 984 2866 omnibus
1003 2794 1182 2867 militibus
1201 2794 1239 2867 in

143 2894 322 2968 Cracovia
341 2894 592 2967 residentibus
617 2904 773 3006 propter
794 2893 997 2990 capitulum
1016 2893 1241 2991 predictum,

143 2995 351 3108 spoliantes
367 3004 404 3067 et
423 3005 632 3069 mactantes
648 2992 840 3065 ministros
855 2994 1005 3089 Christi,
1019 2998 1239 3069 sacerdotes

143 3105 181 3167 et
207 3094 355 3189 levitaS,
383 3096 560 3191 clericos,
588 3094 725 3167 milites
754 3118 961 3207 eorumque
988 3119 1124 3168 uxores
1152 3120 1238 3169 cum

140 3194 282 3293 pueris,
301 3195 404 3269 cives
424 3220 510 3267 cum
529 3194 707 3267 uxoribus
726 3194 928 3291 puerisque
948 3219 1092 3293 eorum,
1118 3207 1155 3269 et
1174 3197 1239 3269 vil·

139 3297 248 3369 lanos
268 3297 381 3369 veluti
409 3320 547 3411 pecora
574 3298 817 3409 abducentes,
843 3296 1016 3393 eligendo
1040 3320 1175 3369 senem
1201 3308 1239 3371 et

105 3397 261 3469 ·virum
282 3421 350 3468 sue
376 3398 485 3471 etatis
512 3396 777 3492 occidentes,
766 3420 926 3469 mvenes
951 3407 988 3468 et
1016 3396 1238 3471 iuvenculas

140 3521 234 3609 pro
228 3496 402 3608 famulis
393 3523 430 3567 rn
450 3508 673 3596 perpetuum
693 3496 903 3593 alligantes
939 3497 1035 3584 Quid
1048 3498 1155 3595 plura
1175 3522 1239 3569 au·

141 3594 259 3694 spicia
278 3594 315 3667 in
335 3596 469 3670 occisis
486 3597 707 3671 christicolis
693 3598 1001 3711 contemplatur
1018 3601 1063 3669 ab
1079 3596 1235 3673 eisdem

139 3697 248 3771 Nullo
276 3705 400 3769 autem
427 3697 643 3793 resistente,
669 3697 752 3771 sine
771 3698 874 3769 omni
899 3697 1046 3771 lesione
1069 3708 1171 3770 terra
1199 3708 1238 3772 et

138 3796 353 3871 bominibus
385 3798 589 3871 devastatis
624 3798 829 3873 exiverunt.
882 3797 1019 3871 Milites
1050 3822 1141 3869 vero
1174 3798 1236 3897 qui

137 3899 364 3996 aufugerant
382 3900 427 3971 ad
448 3908 613 3971 castrum
631 3898 952 3995 Sandomiriense,
971 3899 1149 3973 nuncium
1167 3923 1236 3973 ce·

136 4000 257 4072 lerem
283 4001 330 4072 ad
356 4002 492 4073 ducem
511 4000 548 4071 in
568 3999 809 4095 Cracoviam,
836 3998 973 4073 ibidem
1001 4010 1234 4095 manentem,

134 4099 440 4197 transmiserunt,
459 4100 522 4198 qui
540 4111 708 4196 stragem
729 4110 767 4172 et
785 4100 965 4173 seviciam
980 4100 1233 4197 predictorum

135 4224 387 4299 paganorum,
402 4202 484 4275 duci
501 4212 539 4275 et
552 4199 751 4276 baronibus
768 4224 851 4273 curn
863 4200 1029 4275 lacrimis
1039 4201 1233 4275 intimavit.

136 4302 268 4375 Audito
285 4302 356 4375 hoc
371 4306 445 4375 dux
466 4302 621 4379 illustris
638 4301 779 4375 Lestko
802 4326 887 4375 cum
908 4301 1108 4478 bappnibus
1127 4303 1218 4399 lugu
