3050 4900
265 455 297 527 X
677 456 948 530 PRAEFATIO.
1027 534 1030 539 ,

267 654 464 728 Annalibus
490 657 633 728 vetustis
652 656 913 730 'adnotationes
938 659 1118 754 quasdam
1137 683 1195 733 res
1214 661 1362 732 Germa·

268 778 369 846 tricas
400 775 616 845 corstineates
642 777 807 870 inueniri,
844 801 996 872 quorum
1025 776 1069 849 de
1092 785 1226 850 nectura
1254 782 1360 872 atpue

270 894 406 986 oripine
424 894 543 963 statim
565 892 769 987 uidebimus,
798 919 903 990 quum
931 901 1064 968 certum
1087 898 1134 968 sit
1150 919 1214 968 eas
1232 897 1304 966 iam
1323 897 1360 966 in

270 1009 466 1104 exemplari
479 1009 678 1084 authentico
693 1011 809 1084 locam
825 1014 1025 1085 obtinuisse.
1052 1012 1240 1086 Annalista
1255 1015 1363 1108 ipitar

266 1130 441 1224 principio
470 1131 587 1222 aperis
614 1133 670 1202 sui
695 1133 730 1202 in
758 1155 861 1203 usum
887 1155 991 1203 suum
1022 1133 1181 1204 vertebat
1213 1130 1363 1204 cinncdes

271 1250 514 1340 Germanicos,
534 1273 623 1343 quos
638 1273 680 1322 ea
695 1249 886 1322 annalibus
899 1249 1208 1335 Hersfeldensibus
1221 1253 1363 1335 (iuuisse

270 1374 323 1440 est
338 1364 578 1438 statuendum.
607 1367 679 1439 llas
697 1367 967 1452 Hersfeldeoses
985 1369 1122 1464 quidem
1143 1371 1363 1461 omittuntur,

272 1486 314 1559 de
340 1486 450 1556 uariis
475 1507 557 1555 uero
584 1509 706 1580 repam
733 1492 766 1556 et
790 1488 1049 1579 imperatorum
1069 1488 1363 1560 Gerinanicarmn

270 1606 358 1690 fatis
385 1606 636 1674 annotationes
663 1610 821 1696 esistunt,
853 1629 960 1699 puae,
995 1607 1027 1676 si
1054 1617 1270 1698 canaparare
1298 1627 1362 1676 eas

270 1722 354 1794 velis
373 1745 452 1792 carn
472 1723 596 1793 cereris
615 1723 777 1794 omuibus
792 1723 984 1795 annalibus
998 1749 1041 1795 es
1054 1722 1363 1807 Hersfeldeasibus

271 1840 452 1932 derivatis,
471 1863 609 1932 semper
626 1841 700 1924 fere
718 1863 798 1910 cuae
817 1864 888 1911 scau
908 1841 1090 1937 alteroque
1108 1865 1230 1914 eormn
1250 1864 1364 1913 esem·

270 1960 365 2053 plari
383 1961 418 2029 ia
437 1958 551 2030 verbis
570 1957 803 2030 concordant.
839 1959 937 2032 bade
955 1967 1084 2033 nactas
1102 1985 1163 2032 eos
1176 1962 1224 2032 sit
1236 1967 1364 2032 auctor

271 2078 444 2170 Polouus,
480 2078 616 2168 nescio,
652 2079 810 2161 tarleisse
837 2076 962 2173 Prapa
994 2077 1166 2151 deductas
1196 2103 1257 2150 eos
1288 2103 1363 2150 esse

273 2199 487 2270 Cracooiam
514 2195 701 2266 dicendum
728 2197 804 2266 erit.
856 2194 912 2266 Ad
930 2221 1046 2268 annos
1065 2200 1154 2269 enim
1174 2201 1258 2272 981.
1278 2200 1362 2272 987.

273 2316 356 2388 990.
373 2316 455 2388 997.
476 2312 623 2406 lepimus
641 2318 759 2406 natas,
779 2337 871 2407 pirae
890 2316 996 2386 etiam
1015 2317 1050 2385 in
1064 2313 1260 2388 Annalibus
1274 2315 1363 2386 Pra-

272 2432 438 2529 pensibus
451 2437 630 2503 asstantes
646 2428 688 2502 de
702 2439 830 2503 sancto
840 2428 1034 2505 Adalberto
1050 2438 1219 2506 tractant.
1250 2434 1363 2523 ancm

274 2558 392 2623 celetem
411 2548 567 2621 Annales
585 2548 856 2633 Hersfeldenses
874 2574 984 2645 usque
1004 2550 1055 2622 ad
1072 2575 1107 2624 a.
1127 2555 1199 2625 973
1219 2552 1273 2623 ael
1290 2555 1364 2626 984

271 2672 480 2765 pertinuisse
500 2666 699 2761 uideantur,
718 2669 1045 2761 innominabilem,
1064 2671 1095 2741 si
1108 2673 1266 2763 escipere
1281 2670 1365 2743 aclis
1460 2650 1463 2656 ⁴

274 2812 449 2861 annorum
476 2786 666 2857 relationes
691 2809 782 2880 quere
809 2792 843 2858 et
858 2790 894 2859 ia
911 2786 1107 2859 Annalibus
1123 2787 1366 2882 Propensibus

272 2909 507 2999 inueniuntur,
527 2910 561 2975 et
578 2902 628 2976 ad
646 2928 729 2975 cina.
753 2906 858 2977 1002.
883 2907 987 2978 1009.
1011 2907 1105 2979 1012
1126 2931 1182 2978 res
1200 2907 1367 3001 lepantar

274 3027 505 3099 Germaniam
532 3030 747 3117 spectantes5
786 3024 970 3117 exeoiplca·
996 3024 1236 3097 authenticum
1262 3050 1364 3099 usum

271 3147 381 3230 faisse
400 3141 596 3215 Annalibus
614 3140 925 3227 Hersfeldensibus
946 3144 1212 3216 continuatione
1237 3146 1363 3238 auctis,

271 3286 412 3335 eiecesse
439 3266 499 3333 est.
549 3259 614 3331 His
633 3283 711 3331 cum
732 3259 924 3331 crucialibus
942 3260 1086 3333 aliunde
1104 3264 1273 3333 mutuatis
1290 3270 1364 3334 sta·

271 3385 332 3453 tim
360 3382 622 3473 coniuapantm·
647 3376 804 3450 Annales
830 3378 1011 3450 Palaniae.
1069 3379 1168 3469 (luae
1203 3382 1364 3467 alteritas

270 3524 364 3573 nunc
384 3499 520 3571 detecta
541 3496 591 3567 ad
608 3499 818 3568 sententiam
836 3504 999 3569 nostram
1015 3497 1058 3569 de
1073 3500 1282 3593 antiquitate
1296 3496 1365 3568 Au·

269 3618 404 3693 ciciliam
424 3612 570 3710 capituli
590 3604 836 3687 draccolenus
860 3614 1113 3688 stabiliendam
1138 3615 1238 3689 baud
1258 3618 1364 3710 parui

270 3738 436 3810 ornamenti
454 3741 514 3807 est.

343 3855 506 3926 Proxime
526 3852 577 3923 acl
588 3850 743 3923 Annales
762 3851 910 3945 capituli
928 3852 1172 3925 Cracoaiensis
1192 3852 1365 3924 accedunt

267 3973 424 4046 Annales
442 3972 625 4065 computati
645 3972 909 4066 Cracootenses,
935 3973 996 4067 qui
1017 3995 1041 4042 a
1059 3970 1293 4063 compilatore
1312 3973 1363 4041 ia·

268 4093 391 4185 dacto,
419 4098 460 4164 at
483 4094 581 4175 intra
607 4088 950 4183 demonstrabimus,
978 4092 1029 4161 ita
1054 4095 1141 4161 suut
1164 4092 1361 4185 compositi,

267 4220 304 4285 ut
330 4212 433 4285 scobis
458 4215 597 4283 seruent
622 4211 659 4281 in
683 4207 802 4280 multis
826 4206 913 4280 locis
930 4208 1038 4280 uerba
1057 4206 1231 4302 deperditi
1249 4232 1363 4281 cuem-
