3050 4900
209 541 213 550 Δ
258 429 308 502 70
509 426 724 501 ANNALES
754 424 1049 501 POLONORUM
1078 425 1102 497 l.

257 649 365 724 quirin
383 629 481 712 furare
499 630 534 698 in
553 630 684 700 castris
703 633 736 698 et
758 629 795 698 in
812 628 1012 699 ciuitatibus
1037 632 1185 719 propter
1204 623 1356 696 Turibu-

260 750 321 799 ros
339 729 492 799 interire.
545 726 640 799 Vota
660 727 852 825 complent
870 745 994 824 opere.
1032 728 1138 812 Quod
1158 725 1356 798 audientes

260 827 444 922 Tarrbari,
473 827 686 900 christianis
715 852 757 900 se
784 828 952 923 cingunt,
980 822 1161 898 facientes
1189 828 1234 897 de
1262 823 1356 922 ipsis

262 928 367 1025 quasi
388 952 553 1023 coream,
573 941 611 1000 ut
631 929 800 1000 videntes
821 927 1011 1000 christiani
1025 929 1181 998 fratrum
1201 950 1356 999 suorum

262 1030 489 1101 miserentur
516 1039 554 1100 et
578 1039 732 1126 propter
759 1029 831 1100 hoc
863 1030 967 1124 ipsos
993 1050 1163 1124 paganos
1189 1049 1263 1097 non
1289 1026 1356 1096 im·

260 1129 413 1224 pediant
444 1138 484 1200 ut
509 1139 735 1225 pugnarent,
763 1131 829 1200 sed
857 1127 1027 1223 inquiunt
1046 1126 1257 1199 christiani:
1285 1125 1358 1197 Me-

260 1230 333 1300 lius.
354 1251 480 1301 curere
505 1234 558 1300 est
581 1226 767 1323 unicuique
792 1235 954 1299 nostrum
979 1252 1022 1298 ne
1044 1250 1236 1321 perennius
1252 1225 1360 1297 simul

261 1352 340 1400 cum
359 1328 437 1400 illis.
489 1329 534 1400 Et
550 1338 679 1400 tamen
698 1330 778 1401 Deo
797 1327 1003 1425 opitulante
1019 1350 1188 1423 paganos
1203 1350 1359 1422 supera·

262 1438 398 1500 verunt
412 1438 449 1500 et
463 1428 620 1525 captivis
636 1428 802 1501 liberatis
813 1452 899 1499 cum
914 1427 1068 1499 victoria
1080 1435 1359 1499 remeaverunt.

151 1543 253 1591 Han-28-
341 1530 448 1602 1285.
468 1529 642 1602 dominus
661 1529 842 1600 lllartinus
864 1549 961 1626 papa
979 1527 1078 1599 obiit.
1166 1525 1358 1599 Wratisla-

264 1626 406 1701 viensis
425 1631 499 1701 dux
517 1630 704 1701 lohannes
723 1629 939 1701 Menscbicz
958 1651 1042 1699 cum
1059 1629 1168 1699 Petro
1183 1637 1221 1698 et
1238 1625 1358 1699 Sbilu-

262 1737 353 1800 tone
383 1729 612 1802 occiduntur.
689 1729 861 1822 Synodus
887 1729 1096 1800 celebratur
1122 1727 1158 1797 in
1185 1725 1358 1799 Lancicia

152 1853 201 1897 un.
216 1851 238 1897 o.
262 1828 298 1899 in
316 1827 517 1926 epiphania
527 1827 684 1901 Domini.
724 1829 865 1900 Eodem
880 1826 978 1899 anno
994 1827 1139 1923 capitur
1152 1826 1358 1920 Benyamin

264 1938 302 2000 et
320 1928 576 2023 Sandyvoyus.
646 1930 785 2000 Eodem
805 1952 904 2000 anno
919 1933 992 2002 dux
1009 1927 1149 2000 Lestko
1164 1926 1359 2024 piissimus

153 2044 211 2098 Aue·
232 2031 310 2100 ade
330 2029 407 2102 suis
428 2028 604 2102 militibus
622 2027 865 2126 triumphavit
883 2029 920 2100 in
947 2029 1005 2100 die
1031 2027 1151 2101 sancti
1177 2026 1358 2124 Stephani

264 2153 362 2227 pape
382 2140 420 2202 et
439 2129 612 2202 martiris.
689 2130 898 2227 Episcopus
925 2127 1246 2202 wratislaviensis
1272 2152 1358 2201 cum

155 2248 238 2307 [nea]
265 2230 365 2302 clero
394 2240 433 2303 et
458 2230 615 2327 prelatis
635 2239 672 2301 et
699 2229 957 2302 Predicatores
982 2232 1028 2300 de
1053 2228 1202 2301 civitate
1225 2229 1359 2324 lugan·

264 2339 326 2401 tur
343 2353 410 2429 per
436 2331 608 2402 crudeles
637 2330 815 2403 consules
840 2341 878 2403 et
904 2329 1006 2403 cives
1034 2338 1072 2401 et
1097 2332 1230 2401 ducem
1258 2328 1359 2426 ipso·

266 2454 361 2504 rum.
413 2429 597 2504 Dominus
624 2430 781 2504 lacobus
800 2430 920 2504 dictus
939 2430 1088 2504 Swinka
1108 2430 1359 2527 archiepisco·

154 2542 202 2587 aa.
218 2541 239 2588 ⁶·
264 2555 336 2628 pus
355 2532 591 2605 Gneznensis
612 2556 696 2603 cum
717 2532 797 2605 suis
823 2531 1075 2627 suffraganeis
1101 2531 1138 2602 in
1157 2530 1357 2628 epiphania

263 2630 412 2703 Domini
433 2635 617 2726 synodum
636 2631 672 2703 in
692 2632 867 2704 Lancicia
894 2630 1110 2724 celebravit‚
1137 2631 1173 2702 in
1202 2655 1273 2727 qua
1299 2655 1358 2725 sy·

264 2734 362 2805 nodo
382 2735 517 2805 ducem
536 2727 885 2805 Wratislaviensem
904 2731 1095 2804 Hinricum
1115 2732 1169 2804 lV.
1196 2755 1262 2828 pro
1283 2732 1359 2802 vio-

263 2832 406 2929 lencia,
442 2858 553 2931 quarn
583 2833 761 2906 intulerat
787 2832 964 2931 episcopo
1000 2857 1069 2904 suo
1097 2841 1135 2903 et
1166 2831 1360 2904 canonicis

154 2950 202 2995 lan·
220 2932 795 3032 15·Wratislaviensibuspublice
815 2932 1163 3005 excommunicavit.
1216 2933 1358 3004 Eodem

153 3048 253 3139 1⁰an
265 3057 364 3107 anno
390 3034 489 3107 circa
515 3035 655 3106 festum
675 3033 796 3106 sancti
814 3034 990 3106 lobannis
1018 3033 1181 3131 baptiste
1207 3032 1359 3129 quidam

264 3157 416 3207 vermes
436 3135 607 3206 volatiles
626 3134 662 3205 in
683 3145 783 3206 terra
803 3134 1071 3206 cruciferorum
1092 3134 1190 3230 pleni
1211 3157 1360 3204 veneno

266 3245 524 3329 excreverant,
539 3234 599 3331 qui
615 3259 684 3307 suo
696 3259 824 3307 morsu
836 3235 972 3306 multos
983 3233 1157 3305 homines
1170 3231 1360 3303 interime·

264 3344 360 3409 runt.
413 3336 554 3407 llodem
570 3358 669 3406 anno
684 3338 758 3408 dux
772 3336 911 3407 Lestko
926 3333 1120 3431 piissimus
1137 3332 1360 3408 Cracovien-

264 3434 331 3531 sis,
350 3434 670 3508 Sandomiriensis
693 3446 731 3507 et
748 3434 999 3529 SyradiensiS,
1017 3437 1064 3505 de
1083 3434 1162 3505 suis
1182 3432 1360 3506 militibus

264 3546 303 3609 et
329 3539 423 3608 duce
448 3537 619 3611 Conrado
645 3534 874 3608 Mazoviensi
906 3533 1071 3630 gloriose
1105 3534 1360 3631 triumphavit.

263 3636 359 3724 Quia
392 3636 476 3710 dicti
517 3636 653 3709 milites
693 3634 867 3708 videlicet
904 3634 1179 3709 Cracovienses
1225 3637 1360 3706 ducem

212 3748 233 3837 ξ’
265 3736 479 3810 Conradum
507 3736 544 3809 in
570 3736 816 3834 preiudicium
842 3734 946 3807 ducis
968 3736 1166 3809 Lestconis
1190 3734 1259 3809 sibi
1285 3734 1360 3807 ele·

265 3847 400 3934 gerant
431 3838 469 3909 in
498 3837 690 3910 dominum
717 3846 754 3909 et
779 3837 974 3931 heredem,
1006 3846 1137 3909 sancto
1163 3835 1243 3907 viro
1275 3858 1363 3907 con·

263 3948 419 4034 tempto.
464 3940 509 4011 Et
527 3938 611 4036 quia
629 3940 730 4010 Deus
750 3961 824 4009 non
844 3936 1041 4033 dereliquit
1054 3937 1193 4009 iustum
1214 3960 1284 4008 nec
1303 3958 1362 4007 se·

265 4062 350 4109 men
371 4037 452 4111 eius
478 4062 641 4136 querens
669 4060 822 4135 panem⁷
849 4041 921 4110 dux
941 4037 1077 4109 Lestco
1103 4036 1233 4109 videns
1258 4035 1362 4107 mali-

263 4138 359 4211 ciam
375 4162 529 4211 suorum
545 4143 741 4235 baronum,
761 4138 928 4235 confugit
942 4140 987 4209 ad
1003 4136 1180 4210 auxilium
1194 4138 1363 4233 Ungaro·

263 4262 359 4336 rum2
400 4238 463 4337 qui
495 4239 624 4312 statim
666 4238 700 4311 ei
721 4239 912 4311 affuerunt
941 4237 979 4308 in
1012 4236 1227 4335 presidium.
1280 4238 1362 4310 Non
