3050 4900
337 471 522 549 uouuu.
541 470 707 546 nuum.
728 419 1035 547 eououonuu.
1184 476 1229 545 er

133 686 191 748 tue
218 675 435 768 temporibus
460 673 701 746 decentissime
726 674 954 758 conferebas.
1006 673 1081 767 Ipsi
1097 693 1181 745 uero
1200 677 1233 742 te

133 777 351 870 eminentibus
375 781 432 846 tue
450 776 572 870 oraria
591 781 626 846 et
648 774 858 869 beniqm'tati
885 773 1020 844 meritis
1049 795 1160 868 usque
1182 771 1234 842 ad

131 878 258 948 eadem
273 881 436 968 tenrporo
455 897 534 947 cum
551 873 653 945 banis
671 879 705 946 et
719 875 932 968 corporibus
945 857 1068 945 eorudr
1083 872 1232 944 nuliate-

131 999 199 1048 nus
219 975 440 1046 deserebant.
493 972 696 1046 Exhortare
715 997 801 1068 erqo
826 973 968 1046 eosdem
993 973 1128 1044 nobiles
1150 978 1231 1044 tuus

131 1081 173 1147 ut
188 1075 298 1162 fitium
317 1080 415 1145 tuum
433 1073 656 1145 Kazimirum
675 1097 778 1168 quem
803 1076 839 1144 in
864 1096 1105 1146 successorem
1132 1077 1229 1143 tuum

132 1176 292 1268 etreyni
315 1174 477 1267 dimittis,
514 1173 703 1246 dileccione
735 1180 770 1245 et
796 1164 925 1259 fauore
950 1177 1229 1268 prosequuntur.

133 1273 205 1362 Qui
233 1273 321 1345 iicet
346 1272 422 1344 iam
448 1273 555 1369 quasi
580 1273 617 1343 in
644 1273 781 1345 virtute
807 1271 935 1368 lingue
970 1282 1010 1344 et
1041 1270 1229 1344 sermonis

133 1372 329 1469 deficiens,
355 1383 482 1445 tamen
504 1375 659 1446 eosdem
682 1373 920 1470 Spicimirum
941 1381 979 1444 et
999 1372 1229 1444 larosstaum

132 1499 207 1546 una
229 1497 312 1546 cum
333 1473 415 1545 aliis
436 1473 762 1545 circumstantibus
784 1471 974 1544 curialiter
992 1483 1052 1545 est
1069 1473 1228 1544 affatus:

134 1576 166 1647 0
189 1577 255 1647 viri
277 1573 382 1646 mictn‘
399 1579 434 1645 et
448 1574 542 1666 probi
559 1597 634 1645 mee
652 1576 777 1668 meroni
792 1576 966 1664 fautores,
982 1576 1119 1654 utinam
1136 1572 1230 1661 filius

130 1698 232 1746 meus
251 1673 410 1767 eaenrpbo
429 1673 556 1745 duetus
579 1697 658 1745 meo
686 1675 868 1746 vobiscum
896 1673 1016 1744 taliter
1039 1695 1229 1746 conuersa·

130 1781 231 1847 retur
244 1776 335 1846 sicut
348 1797 413 1869 eoo
428 1773 620 1866 crederem,
635 1775 752 1869 utique
766 1773 862 1868 quod
875 1797 953 1843 eum
967 1775 1060 1846 sicut
1074 1780 1110 1844 et
1125 1773 1230 1844 michi

129 1876 277 1966 fecistis,
305 1873 465 1969 diliyetis.
512 1871 678 1944 Attamen
703 1876 735 1945 si
754 1896 858 1944 secus
874 1875 994 1966 fuerit,
1009 1873 1107 1968 quod
1123 1872 1228 1966 absit,

127 1975 199 2046 boc
217 1979 329 2046 vestre
346 1972 518 2044 industrie
536 1977 570 2043 et
585 1973 757 2066 fidelitati,
778 1997 885 2067 quam
909 1995 1050 2065 semper
1067 1996 1155 2066 crya
1172 1995 1229 2043 me

128 2073 315 2166 habuistis,
329 2071 543 2159 fiducialiter
556 2071 814 2145 recommendo.
869 2071 943 2143 Sed
955 2072 1052 2166 quod
1062 2095 1131 2165 pro
1150 2074 1228 2165 ipso

129 2177 205 2245 iam
237 2179 357 2266 petam
393 2174 569 2265 ionorans
596 2172 638 2242 ete
663 2195 729 2244 suo
762 2178 859 2243 statu
891 2175 1015 2256 tuturo
1046 2172 1229 2244 uobiscum

129 2296 203 2346 non
220 2274 358 2355 faciam
377 2273 447 2343 ista
467 2274 551 2344 uice.
602 2273 648 2342 Et
665 2271 737 2346 hec
756 2271 885 2343 dicens
905 2269 979 2342 filio
999 2294 1068 2343 sua
1093 2270 1227 2343 diiecto

127 2371 317 2445 Kazimiro
336 2369 475 2444 ibidem
521 2370 661 2443 resenti
689 2371 834 2444 nobiles
855 2395 945 2443 suos
965 2371 1229 2446 universaliter
1254 2444 1256 2447 ,

114 2476 170 2547 ”in
190 2472 453 2557 omnimodam
487 2397 704 2545 bdelitatem
737 2476 1052 2546 recommendans
1091 2473 1228 2545 in-Do-

130 2574 232 2647 mino
252 2572 485 2646 obdormivit.

206 2674 269 2747 Sic
295 2674 383 2746 iliud
415 2673 734 2769 fulgentissimum
768 2676 883 2768 sydus
911 2674 1037 2770 gentis
1066 2670 1252 2770 caligine·

130 2774 1226 2870 mortisobumbratum‚magnumchaoserrorumetiiciurn

127 2874 357 2971 reliquisset,
367 2873 437 2945 nisi
449 2897 636 2971 supernus
647 2884 749 2967 tytan
765 2877 811 2946 de
826 2874 928 2946 radio
944 2884 1077 2945 atanto
1091 2877 1226 2968 sydere

127 2974 305 3048 Paionice
324 2974 427 3070 genti
449 2974 648 3045 salubriter
668 2974 904 3071 providisset.
931 2975 1026 3046 Nam
1047 2974 1227 3072 supersti-

126 3087 207 3149 tem
222 3085 307 3172 post
322 3098 364 3146 se
378 3073 495 3145 filium
510 3073 736 3148 Kazimirum
764 3074 917 3147 nornine
936 3076 982 3147 de
1009 3099 1082 3171 quo
1097 3099 1226 3173 ‚supra

127 3174 410 3273 prelibavimuS,
443 3175 546 3270 genti
572 3173 720 3247 dimisit.
776 3176 882 3247 Unde
910 3176 1027 3247 dolori
1056 3175 1155 3248 risus
1188 3184 1226 3247 et

126 3276 242 3349 luctui
254 3276 432 3373 gaudium
445 3277 555 3348 dabat
565 3278 825 3370 moderantem
840 3285 1025 3372 quatenus
1041 3276 1103 3372 qui
1119 3285 1226 3347 erant

128 3380 174 3449 de
194 3400 331 3449 occasu
359 3376 443 3448 talis
472 3375 605 3449 solaris
632 3375 786 3473 planete
813 3386 1020 3473 merentes,
1047 3379 1093 3449 de
1118 3386 1224 3448 ‚tanta

126 3478 212 3549 luce
231 3475 361 3547 relicta
382 3486 559 3547 maneant
578 3476 821 3548 honorantes.
1167 3540 1170 3545 .

203 3574 530 3667 lsteWiadyslaus
556 3574 654 3649 filius
681 3576 749 3647 fuit
774 3575 878 3648 discis
906 3575 1082 3649 Kazimiri
1107 3586 1225 3671 terras

127 3700 211 3747 rum
241 3674 423 3769 Cuyavie,
450 3675 605 3768 Syradie
634 3676 896 3771 anauniae,
931 3675 989 3747 cui
1008 3676 1225 3769 Wiadyslao

126 3777 226 3847 inter
244 3798 334 3847 suos
354 3775 490 3847 fratres
507 3785 606 3846 terra
619 3776 837 3850 Brestensis
857 3776 904 3848 in‘
922 3776 1095 3869 Cnyawia
1121 3786 1225 3848 sorte
1260 3868 1263 3873 ⁸

120 3878 341 3963 advenerat.
402 3874 470 3945 Hic
510 3875 614 3947 ducis
654 3876 829 3971 Bolezlay
855 3874 1077 3949 Kalisiensis
1106 3874 1224 3948 tiliam
1260 3967 1264 3972 Ι

125 3978 279 4049 nomine
292 3973 503 4071 Hedvigem
518 3976 555 4046 in
575 4001 729 4050 uxorem
749 3978 941 4074 accipiens
957 3987 1223 4073 postmortem

125 4076 245 4174 ipsius
265 4076 371 4150 ducis
392 4086 430 4149 et
444 4074 565 4148 eciam
587 4077 783 4173 heredum,
807 4078 960 4150 maioris
984 4077 1137 4149 Palania
1151 4079 1224 4174 do·

125 4178 279 4249 minium
300 4178 436 4251 ibidem
453 4187 511 4249 est
525 4184 768 4273 assequutus,
784 4181 881 4274 quod
902 4189 939 4251 et
957 4176 1084 4250 multis
1102 4176 1223 4250 tenuit

125 4278 244 4350 annis.
269 4278 435 4351 Tandem
452 4278 583 4351 fraude
600 4277 777 4351 nobilium
796 4279 948 4351 Potonie
963 4289 1118 4374 agente,
1155 4301 1223 4377 per

997 4383 1020 4451 b
