3050 4900
277 677 533 752 brem'lletum
562 679 779 751 emiserunt.
834 679 1016 752 Concitati
1045 689 1083 752 et
1116 678 1271 751 accincti
1304 679 1375 752 Dei

278 779 458 852 adiutorio
492 790 531 852 et
557 779 781 852 confidentia
807 780 930 876 magis
955 805 1067 876 quam
1097 780 1230 851 virium
1256 791 1293 851 et
1314 805 1373 850 ar·

277 904 426 952 morum
456 884 603 975 robore,
629 877 851 952 confitentes
879 891 1049 977 peccata,
1083 883 1156 950 dux
1182 905 1267 951 cum
1294 881 1374 951 suis

277 980 491 1073 baronibus⁷
524 991 749 1076 sumptoque
771 1005 927 1076 corpore
947 980 1097 1076 Christi,
1125 1004 1191 1052 eos
1220 980 1398 1074 atrocisg
1499 1008 1500 1023 ι

278 1081 373 1152 sime
393 1105 557 1176 seseque
573 1091 701 1151 mutuo
723 1082 965 1152 exhortantes
982 1080 1139 1152 insecuti
1157 1092 1255 1172 sunt,
1276 1084 1373 1177 quod

278 1181 534 1276 cognicientes
555 1181 691 1276 pagani
711 1181 747 1252 ln
768 1180 1004 1252 densissimis
1024 1181 1128 1253 silvis
1149 1205 1191 1253 se
1219 1204 1375 1276 recepe·

276 1291 372 1352 runt.
425 1280 625 1355 Christiani
662 1305 751 1352 vero
785 1281 955 1353 videntes
982 1283 1078 1378 quod
1114 1281 1150 1351 in
1178 1291 1255 1352 tuto
1290 1281 1373 1356 loco

277 1392 420 1478 essent,
448 1405 513 1452 eos
533 1381 709 1452 invadere
728 1381 934 1453 timuerunt
952 1393 987 1454 et
1008 1381 1126 1452 eciam
1154 1380 1224 1477 ipsi
1243 1381 1372 1478 plures

275 1482 436 1553 fuerunt.
477 1484 653 1553 Attamen
673 1482 772 1552 ducti
791 1481 945 1553 consilio
966 1481 1116 1578 spiritus
1136 1481 1224 1554 almi
1242 1483 1374 1577 fugam

276 1581 498 1654 simulantes
525 1606 546 1652 a
571 1581 734 1679 presidio
763 1606 1002 1695 paganorum
1023 1606 1157 1678 parum
1183 1581 1372 1665 discesse-

275 1692 362 1754 rtun
364 1736 374 1776 7
393 1685 492 1778 qnod
511 1681 638 1754 vident
624 1693 682 1754 tes
703 1682 873 1754 Christi
865 1681 1003 1752 mimici
1023 1705 1156 1754 omnes
1177 1681 1373 1754 exiverunt

277 1785 322 1853 de
342 1781 555 1878 presidio⁷
546 1807 582 1852 ιιι
609 1807 680 1878 quo
707 1806 749 1854 se
768 1793 1003 1884 receperant
1026 1781 1189 1896 'captivis
1206 1806 1295 1854 vero
1315 1805 1374 1854 re·

236 1959 237 1962 ,
274 1882 430 1955 lictiset
416 1881 573 1978 tlegat
564 1907 595 1954 ts
615 1893 808 1979 tamquam
837 1907 929 1954 oves
955 1882 1152 1954 occisionis
1179 1883 1216 1953 in
1237 1885 1372 1955 eadem

276 1982 383 2076 silva7
403 1982 504 2054 acies
529 1992 658 2056 contra
678 1986 812 2055 ducem
825 1983 1055 2055 Lesthonem
1076 1994 1114 2054 et
1133 1987 1293 2056 barones
1312 2006 1371 2053 or·

275 2083 517 2178 dinavernnt‚
553 2083 615 2180 qni
639 2082 810 2156 videntes
849 2084 1035 2156 exercitus
1069 2083 1372 2177 christianorum,

275 2183 387 2279 aliqui
404 2184 540 2256 timore
587 2184 745 2254 erterriti
760 2193 1070 2256 retrocesserunt.
1102 2184 1184 2254 Dux
1197 2208 1287 2255 vero
1302 2183 1372 2254 Dei

274 2283 455 2356 adiutorio
476 2210 641 2356 conisus
660 2284 785 2355 taliter
803 2284 939 2356 affatui·
957 2309 1047 2356 suos
1074 2285 1371 2356 commilitones:

280 485 327 552 68
530 479 745 553 ANNALES
774 477 1066 554 POLONORUM
1093 477 1118 552 1.

274 2488 508 2579 rioseppuom
535 2484 653 2557 cidere
678 2485 779 2557 rnnla
796 2488 910 2580 pentir
933 2493 1063 2557 nostre.
1116 2484 1195 2557 Hiis
1216 2486 1370 2582 prolatis

275 2584 481 2655 exercitum
518 2586 661 2657 duabus
695 2585 764 2657 alis
800 2585 1007 2682 cinxerunt
1045 2585 1220 2657 videlicet
1205 2586 1369 2681 t·Sego

273 2683 417 2756 thonit
402 2695 492 2756 tunc
513 2684 677 2797 palatino
700 2685 941 2758 Cracoviensi
958 2697 994 2758 et
1018 2686 1188 2758 lanussio
1203 2686 1368 2783 palatino

273 2784 571 2858 Sandomiriensi
610 2784 855 2858 existentibus
895 2780 965 2858 has
996 2787 1184 2883 predictas
1220 2812 1241 2858 a
1273 2790 1368 2858 duce

273 2886 353 2957 alas
384 2885 517 2958 tradite
546 2886 709 2981 fuerunt,
737 2886 871 2984 quibus
897 2885 1163 2984 paganismum
1191 2888 1270 2959 Deo
1290 2886 1371 2983 opi-

273 2986 414 3058 tulante
435 2987 671 3058 vallaverunt
690 2997 725 3059 et
741 2986 968 3059 devicerunt.
1013 2988 1067 3059 De
1086 2987 1221 3060 occisis
1241 2997 1370 3059 autem

270 3085 431 3183 paganis
459 3086 497 3156 in
516 3086 598 3157 loco
624 3086 818 3160 conflictus
845 3088 947 3159 mille
975 3098 1174 3159 sexcentos
1200 3086 1259 3159 die
1289 3111 1370 3158 cra·

272 3186 370 3259 stina
397 3196 707 3282 conputaverunt‚
735 3198 863 3284 preter
887 3187 971 3259 illos
998 3211 1092 3284 quos
1128 3210 1221 3283 sepe
1249 3185 1370 3256 nomi-

271 3297 359 3358 nate
385 3286 442 3357 ale
471 3286 658 3383 aspersim
688 3287 725 3357 in
752 3288 855 3359 silvis
893 3298 930 3360 et
956 3286 1149 3384 paludibus
1178 3295 1370 3357 mactave-

272 3396 371 3483 runt⁷
397 3386 554 3483 insuper
573 3386 740 3483 captivos
760 3393 857 3461 bene
877 3411 943 3459 sex
962 3386 1064 3458 milia
1081 3386 1346 3464 liberaverunt.
1399 3414 1412 3435 ·

159 3496 261 3553 Auell-
351 3488 457 3561 1283.
487 3486 611 3558 indie
640 3487 758 3559 sancti
787 3485 1041 3559 Bartholomei
1078 3486 1238 3584 apostoli
1267 3485 1368 3557 clau-

270 3598 389 3659 strum
409 3610 581 3659 sororum
610 3586 647 3657 in
667 3588 820 3659 Gnezna
849 3585 1100 3660 confirmatur.
1154 3588 1364 3684 Episcopus

270 3687 532 3762 Cracoviensis
560 3686 732 3761 dominus
758 3688 896 3760 Paulus
916 3712 937 3759 a
957 3690 1050 3761 duce
1075 3689 1262 3761 Lestcone
1282 3710 1367 3785 pre·

269 3788 365 3862 ‹licto
384 3787 421 3860 in
439 3789 579 3885 Lagow
598 3788 819 3886 captivatur,
845 3788 970 3885 ligatis
996 3788 1168 3861 omnibus
1200 3791 1368 3883 artubus⁷

269 3888 556 3983 Syradiensibus
569 3888 744 3963 militibus
759 3889 795 3961 in
812 3900 977 3962 castrum
987 3889 1127 3984 Syradz
1147 3887 1366 3961 transmitti-

174 3998 330 4061 otonem
356 3989 631 4062 custodiendus.
689 3991 831 4063 Eodem
862 4016 961 4063 anno
988 3992 1114 4063 Nonas
1145 3986 1365 4062 Decembris

269 4088 359 4163 obiit
384 4091 557 4163 dominus
589 4090 764 4164 Albertus
803 4090 1004 4190 episcopus
1039 4088 1364 4165 Wladislaviensis

271 4177 446 4285 ecclesie,
466 4200 611 4263 amator
629 4194 812 4264 bonorum
832 4203 869 4264 et
887 4197 1098 4305 proborum.
1173 4192 1282 4262 Anno
1302 4213 1365 4261 eo·

270 4292 355 4365 dem
380 4289 469 4365 obiit
487 4291 735 4365 illustrissima
752 4293 903 4378 domina
923 4292 1081 4365 coniunx
1101 4290 1240 4363 domini
1259 4289 1364 4364 ducis

1499 2099 1501 2181 l

274 2383 401 2456 Melius
426 2390 479 2457 est
494 2407 560 2457 nos
578 2385 671 2456 mori
684 2408 754 2479 pro
775 2383 903 2457 Christi
919 2388 1059 2457 nornine
1078 2392 1110 2457 et
1128 2388 1277 2478 captivis
1295 2385 1369 2479 plo·
