3050 4900
543 1209 853 1296 PRAEFATIO.

149 1463 287 1599 Quum
294 1520 360 1594 per
370 1498 563 1583 totumlere
573 1497 728 1570 medium
743 1519 869 1569 aevum
883 1498 1120 1591 imperatores
1131 1497 1246 1572 nostri

149 1617 295 1690 ltaliam
313 1623 500 1712 tamquam
519 1617 658 1710 imperii
673 1614 793 1688 sedem
818 1621 986 1716 tenerent,
1012 1638 1085 1689 non
1110 1617 1245 1688 omitte·

150 1734 238 1808 bant
256 1741 291 1807 et
306 1757 421 1808 nooas
446 1757 625 1830 occupare
651 1740 782 1828 lerros,
809 1734 935 1829 quitus
961 1733 1244 1827 consuetudines,

149 1855 233 1926 iura
257 1856 419 1948 vitaeque
438 1853 672 1925 Germanicae
689 1853 850 1924 instituta
867 1853 1140 1947 impertirentur.
1186 1853 1245 1924 lta

148 1959 287 2058 factum
307 1977 369 2065 est,
396 1977 435 2044 ut
454 1969 536 2043 inde
554 1993 578 2041 a
596 1969 742 2042 saeculo
760 1968 898 2043 decimo
916 1991 1026 2064 usque
1044 1969 1096 2042 ad
1112 1970 1247 2043 sacculi

150 2087 278 2161 decimi
300 2091 402 2161 tercii
427 2092 530 2177 finem
558 2095 684 2160 terrae
704 2110 827 2160 omnes
851 2093 954 2160 trans
970 2085 1084 2160 Albim
1100 2089 1246 2172 tluoium

150 2208 241 2279 sitae
268 2206 445 2279 diuturnis
471 2205 569 2279 bellis
594 2205 713 2278 Slauis
739 2207 959 2301 eriperentur
985 2211 1019 2279 et
1042 2208 1131 2294 fines
1154 2206 1247 2278 inter

150 2346 212 2398 eos
231 2325 498 2421 Germanosque
519 2326 557 2396 in
581 2325 785 2396 uniuersum
813 2323 932 2396 adhuc
957 2330 1141 2396 manentes
1160 2346 1245 2396 con-

150 2445 390 2517 stituerentur.
408 2442 565 2515 labente
579 2447 697 2515 autem
712 2443 851 2536 imperii
857 2444 1016 2537 potentia
1028 2447 1062 2514 et
1072 2441 1245 2515 adunatis

148 2586 215 2658 per
238 2556 473 2635 Wladislaum
500 2562 630 2634 dictum
650 2560 784 2633 Lolstels
799 2560 972 2633 Poloniae
998 2561 1142 2655 viritas,
1167 2561 1245 2649 fieri

151 2702 224 2753 non
245 2680 373 2775 poluit,
401 2680 484 2775 quin
505 2681 656 2751 victores
675 2680 846 2751 Germani
863 2702 886 2750 a
905 2679 1005 2751 uictis
1022 2678 1168 2751 Poloais
1186 2701 1245 2751 co·

149 2796 369 2888 niterentur,
396 2820 440 2869 ue
466 2797 613 2871 ulterius
636 2796 951 2892 proprederentur.
1003 2795 1246 2868 Sarraceruat

145 2915 261 3011 paulo
283 2920 367 3010 post
393 2938 547 3011 rnapnas
571 2915 628 2987 ille
652 2915 856 2988 Kasimirus
882 2919 917 2985 et
946 2912 1163 3002 Wladislaus
1186 2914 1245 2984 la·

150 3032 267 3129 piello,
294 3034 364 3128 qui,
384 3032 562 3118 fratribus
580 3033 716 3106 ordinis
732 3039 884 3105 sanctae
900 3030 1044 3103 Mariae
1064 3030 1246 3103 lleeutoni-

151 3153 203 3224 cis
223 3150 363 3246 proelio
390 3150 490 3245 apud
510 3151 740 3246 Tannenterp
758 3149 904 3223 tandem
922 3148 1074 3222 letaliter
1091 3148 1244 3245 deuictis,

151 3268 339 3343 Poloniom
358 3268 507 3341 liberam
525 3292 767 3364 rnapnamque
784 3255 1051 3341 constituerunt.

226 3387 294 3460 His
316 3388 527 3480 praemissis
549 3386 671 3483 elucet,
698 3410 812 3482 quare
834 3388 953 3473 tontes
969 3409 1089 3459 rerum
1106 3384 1248 3458 Poloni·

102 3540 104 3545 r
151 3528 278 3578 carum
303 3504 355 3578 od
377 3504 664 3600 copnosccndam
691 3511 724 3578 et
749 3504 1004 3578 illustrandam
1030 3504 1247 3578 Germaniae

149 3622 338 3696 historiam
354 3624 544 3717 perampni
556 3624 627 3695 sint
641 3623 868 3696 aestimandi.
898 3624 947 3695 Et
958 3646 1064 3719 quum
1077 3624 1150 3694 iarn
1163 3620 1246 3716 plus

150 3764 259 3836 quam
278 3739 397 3813 decem
413 3742 519 3812 annis
533 3748 617 3813 ante
631 3742 899 3837 antiquissimae
911 3740 1128 3814 Polonorum
1143 3738 1246 3813 clero·

149 3860 270 3954 nicae,
298 3856 405 3952 culpo
432 3856 593 3931 Martiao
620 3858 723 3933 Gallo
748 3858 891 3932 cuidam
917 3858 1131 3953 attributae,
1166 3864 1246 3931 arte

150 3979 276 4051 critica
311 4000 355 4049 ea
385 3978 529 4049 uetustis
558 3977 657 4050 libris
686 3979 941 4074 manuscriptis
970 3977 1182 4050 emendatae
1212 3982 1246 4049 et

149 4101 336 4168 correctae
363 4096 399 4168 in
426 4094 641 4169 collectionis
658 4101 806 4169 nostrae
824 4100 921 4168 tomo
940 4119 1036 4169 nono
1055 4095 1245 4169 lectoribus

146 4215 218 4287 sint
239 4215 465 4310 propositae,
493 4236 587 4286 nunc
613 4212 730 4286 editor
746 4212 1059 4289 Monumentorum
1086 4214 1244 4288 clarissi-
