3050 4900
281 393 330 486 50
533 410 748 486 Annaeus
777 411 1070 487 rooouonun
1097 413 1121 486 1.

278 611 315 684 in
335 609 526 684 Prussiam
555 612 711 690 veniens
726 613 863 687 ibidem
877 614 1103 712 predicando
1130 613 1257 711 fidem,
1276 638 1373 687 mar·
1509 702 1510 709 ἵ

280 711 362 784 tirio
384 722 593 784 coronatur.
1509 718 1510 799 3

354 815 437 886 986.
461 812 653 885 Procullus
670 813 706 886 in
726 814 946 912 episcopum
958 814 1137 888 Cracovie
1157 813 1373 909 assumitur,
1509 896 1510 911 2

280 916 480 985 secundus,
1070 976 1073 979 .
1509 932 1510 947 ¹

304 1112 311 1125 ι
355 1014 438 1088 995.
455 1014 680 1110 Lampertus
701 1014 903 1113 episcopus
923 1013 1104 1089 Cracovie
1124 1013 1283 1088 efficitur
1299 1024 1372 1086 ter·
1509 1048 1510 1065 2

280 1137 370 1186 crus.

232 1257 234 1262 ·
354 1217 438 1288 997.
457 1212 585 1312 passio
606 1213 724 1286 sancti
751 1213 939 1286 Adalberti
965 1213 1143 1312 episcopi.
1258 1228 1261 1233 “
1509 1264 1510 1283 .

282 1376 285 1379 ,
355 1316 462 1388 1001.
486 1313 702 1411 Stephanus
721 1339 786 1386 rex
802 1314 965 1410 Ungarie
982 1314 1079 1387 misit
1093 1313 1276 1386 Affricum
1296 1311 1372 1412 epi·
1509 1330 1510 1385 1

280 1435 437 1510 scopum
462 1415 622 1486 Romam
658 1417 704 1486 ad
735 1439 873 1512 papam
893 1414 1115 1490 Silvestrum
1139 1438 1205 1511 pro
1232 1438 1370 1485 corona
1509 1496 1510 1523 χ

278 1517 451 1609 petenda.
506 1516 646 1586 Eodem
677 1524 850 1612 tempore
877 1518 949 1587 dux
969 1516 1195 1587 Polonorum
1213 1513 1369 1586 Mescho
1509 1556 1510 1559 =

277 1611 434 1686 miserat
446 1614 1267 1713 Lampertumepiscopumcoronampetere.
1295 1614 1370 1688 Sed
1509 1650 1510 1661 ¹

277 1737 375 1811 papa
398 1713 569 1810 angelica
591 1714 756 1788 monitus
782 1715 1268 1812 visione,cor0namqua1n
1288 1739 1371 1812 pre·
1459 1724 1462 1728 ’
1509 1722 1510 1725 ’

276 1823 477 1910 paraverat
504 1813 711 1908 llleschoni⁷
744 1815 883 1888 Affrico
915 1815 1050 1888 nuncio
1077 1815 1179 1912 regis
1205 1813 1369 1911 Ungarie
1509 1822 1510 1911 ᾗ

277 1915 386 1986 dedit.
429 1915 502 1987 Sed
535 1939 602 1986 cur
628 1915 740 1988 fuerit
771 1939 845 1988 non
874 1919 959 1988 data
983 1916 1133 1989 Polonis
1160 1916 1196 1987 in
1221 1915 1370 1987 cronica
1509 1928 1510 1931 ’

277 2015 425 2110 plenius
445 2016 613 2090 habetur.

187 2122 267 2178 1⁰00·
355 2117 461 2190 1002.
481 2127 653 2188 sanctum
672 2118 913 2188 Atlalbertum
928 2115 1133 2212 imperator
1147 2115 1233 2189 Otto
1250 2113 1369 2186 Rufus

166 2197 510 2310 ⁶5333?·111.visitavit
528 2226 565 2288 et
582 2216 822 2288 Boleslavum
842 2215 955 2288 nimio
975 2215 1159 2288 desiderio
1176 2215 1274 2286 vidit.
1292 2215 1368 2286 lste
1509 2304 1510 2309 Ἰ

181 2315 245 2358 ⁶¹³⁰·
276 2313 473 2388 Boleslaus
508 2320 553 2389 ab
585 2316 812 2412 imperatore
843 2315 1009 2413 predicto
1037 2317 1074 2388 in
1101 2340 1232 2413 regem
1258 2314 1369 2388 snhli-
1509 2376 1511 2381 .

275 2427 414 2513 marus,
440 2415 592 2490 inditam
612 2415 681 2489 sihi
699 2416 962 2491 liberalitatem
979 2417 1155 2489 exercuit.
1190 2417 1265 2489 lste
1284 2413 1368 2487 viri-

272 2516 358 2589 liter
393 2516 494 2589 vcnit
529 2516 566 2589 in
602 2516 749 2615 Gigow,
778 2517 977 2615 evaginato
1004 2517 1128 2614 gladio
1154 2516 1192 2588 in
1220 2527 1367 2614 portam

134 2694 136 2699 ,
273 2640 427 2691 auream
451 2616 649 2715 percussit.
740 2648 752 2671 ·

181 2728 262 2787 1003.
352 2721 459 2795 1005.
484 2718 667 2791 heremite
687 2741 754 2790 sex
774 2716 810 2789 in
836 2716 989 2791 Polonia
1015 2714 1300 2789 martirizantur.

350 2821 457 2892 1014.
490 2820 617 2917 Poppo
645 2820 681 2891 in
715 2817 935 2915 episcopum
968 2816 1367 2909 Cracovieordinutur,

272 2929 439 3014 quartus

350 3023 457 3094 1018.
476 3018 698 3093 Bolezlevus
727 3018 872 3117 primus
897 3018 1297 3118 superavitlluthenos
1330 3024 1369 3087 et

271 3118 495 3215 subiugavit.
564 3124 570 3133 ‘

349 3219 455 3292 1023.
475 3218 647 3317 Gomppo
672 3219 707 3290 in
744 3218 965 3317 episcopum
995 3218 1174 3294 Cracovie
1203 3215 1365 3313 eligitur,

297 3317 433 3391 uintus.

271 3347 293 3418 q
347 3419 453 3493 1025.
472 3418 670 3491 Bolezlaus
693 3420 854 3515 Magnus
873 3418 974 3514 obiit,
997 3420 1185 3491 secundus
1208 3416 1363 3490 lllescho

245 3582 248 3586 .
271 3520 438 3595 succedit
457 3518 491 3591 in
512 3543 686 3615 regnum,
705 3520 766 3616 qui
786 3519 1033 3591 inamentem
1055 3518 1187 3592 cecidit
1210 3528 1248 3590 et
1266 3541 1363 3589 mor·

269 3632 356 3692 tuus
373 3631 442 3693 est.
469 3620 535 3694 Cui
553 3618 764 3693 Kazimirus
778 3618 877 3692 filius
893 3619 973 3693 eius
989 3618 1184 3693 successit.
1203 3618 1278 3691 lste
1298 3619 1362 3689 ha·

269 3720 348 3795 huit
374 3730 532 3818 qualour
556 3718 650 3793 filios
676 3719 931 3817 Bolezlavum,
956 3720 1258 3815 Wladyslavum‚
1284 3719 1360 3790 Me-

270 3822 454 3894 schonem
490 3831 528 3894 et
545 3823 752 3896 Oddonem.
1061 3843 1067 3855 ·

344 3925 451 3997 1027.
470 3920 640 4019 Ypolitus
660 3920 968 4020 archiepiscopus
987 3920 1130 4019 primus
1152 3917 1254 4015 obiit,
1268 3917 1362 3992 Bos·

256 4022 379 4093 -sutha
400 4022 586 4095 successit
604 4025 807 4096 secundus.

344 4124 451 4196 1032.
487 4122 715 4197 Rachelinus
750 4122 788 4196 in
827 4122 1048 4221 episcopum
1084 4117 1265 4192 Cracovie
1302 4128 1361 4191 est

269 4222 507 4318 constitutus,
527 4233 667 4297 sextus.

345 4326 440 4397 1037
444 4372 1309 4397 ...............
