<?xml version="1.0" encoding="UTF-8"?>
<!DOCTYPE html PUBLIC "-//W3C//DTD XHTML 1.0 Transitional//EN"
    "http://www.w3.org/TR/xhtml1/DTD/xhtml1-transitional.dtd">
<html xmlns="http://www.w3.org/1999/xhtml" xml:lang="en" lang="en">
 <head>
  <title>
</title>
<meta http-equiv="Content-Type" content="text/html;charset=utf-8" />
  <meta name='ocr-system' content='tesseract 3.04.00' />
  <meta name='ocr-capabilities' content='ocr_page ocr_carea ocr_par ocr_line ocrx_word'/>
</head>
<body>
  <div class='ocr_page' id='page_1' title='image "annalespoloniae01roepgoog_0033.png"; bbox 0 0 3050 4900; ppageno 0'>
   <div class='ocr_carea' id='block_1_1' title="bbox 274 352 1244 444">
    <p class='ocr_par' dir='ltr' id='par_1_1' title="bbox 274 352 1244 444">
     <span class='ocr_line' id='line_1_1' title="bbox 274 352 1244 444; baseline 0.007 -9"><span class='ocrx_word' id='word_1_1' title='bbox 274 361 490 438; x_wconf 71' lang='lat' dir='ltr'>Adultus</span> <span class='ocrx_word' id='word_1_2' title='bbox 517 363 732 440; x_wconf 76' lang='lat' dir='ltr'>curuum</span> <span class='ocrx_word' id='word_1_3' title='bbox 758 352 1110 442; x_wconf 77' lang='lat' dir='ltr'>cuncorluusts.</span> <span class='ocrx_word' id='word_1_4' title='bbox 1194 367 1244 444; x_wconf 89' lang='grc'>17</span> 
     </span>
    </p>
   </div>
   <div class='ocr_carea' id='block_1_2' title="bbox 101 561 1349 4244">
    <p class='ocr_par' dir='ltr' id='par_1_2' title="bbox 221 561 767 657">
     <span class='ocr_line' id='line_1_2' title="bbox 221 561 767 657; baseline 0 -21"><span class='ocrx_word' id='word_1_5' title='bbox 221 563 328 638; x_wconf 85' lang='grc'><strong>1072.</strong></span> <span class='ocrx_word' id='word_1_6' title='bbox 348 561 569 657; x_wconf 86' lang='lat' dir='ltr'>Stanyzluus</span> <span class='ocrx_word' id='word_1_7' title='bbox 589 564 767 640; x_wconf 81' lang='lat' dir='ltr'>succedit.</span> 
     </span>
    </p>

    <p class='ocr_par' dir='ltr' id='par_1_3' title="bbox 221 662 1187 762">
     <span class='ocr_line' id='line_1_3' title="bbox 221 662 1187 762; baseline 0.004 -26"><span class='ocrx_word' id='word_1_8' title='bbox 221 665 327 737; x_wconf 83' lang='grc'><strong>1074.</strong></span> <span class='ocrx_word' id='word_1_9' title='bbox 346 663 529 738; x_wconf 88' lang='lat' dir='ltr'>ordinatio</span> <span class='ocrx_word' id='word_1_10' title='bbox 548 662 647 739; x_wconf 83' lang='lat' dir='ltr'>Petri</span> <span class='ocrx_word' id='word_1_11' title='bbox 667 664 836 762; x_wconf 86' lang='lat' dir='ltr'><strong>episcopi</strong></span> <span class='ocrx_word' id='word_1_12' title='bbox 854 664 1187 740; x_wconf 86' lang='lat' dir='ltr'>Wratizlarieusis.</span> 
     </span>
    </p>

    <p class='ocr_par' dir='ltr' id='par_1_4' title="bbox 220 762 749 838">
     <span class='ocr_line' id='line_1_4' title="bbox 220 762 749 838; baseline 0.008 -5"><span class='ocrx_word' id='word_1_13' title='bbox 220 764 327 836; x_wconf 92' lang='grc'><strong>1076.</strong></span> <span class='ocrx_word' id='word_1_14' title='bbox 347 762 532 836; x_wconf 89' lang='lat' dir='ltr'>Cristinus</span> <span class='ocrx_word' id='word_1_15' title='bbox 551 774 661 837; x_wconf 87' lang='lat' dir='ltr'>natus</span> <span class='ocrx_word' id='word_1_16' title='bbox 681 775 749 838; x_wconf 88' lang='grc'><strong>991.</strong></span> 
     </span>
    </p>

    <p class='ocr_par' dir='ltr' id='par_1_5' title="bbox 121 861 1239 1035">
     <span class='ocr_line' id='line_1_5' title="bbox 121 861 1239 962; baseline 0.004 -28"><span class='ocrx_word' id='word_1_17' title='bbox 121 887 129 918; x_wconf 58' lang='lat' dir='ltr'>i</span> <span class='ocrx_word' id='word_1_18' title='bbox 222 865 328 935; x_wconf 88' lang='grc'><strong>1077.</strong></span> <span class='ocrx_word' id='word_1_19' title='bbox 346 861 593 938; x_wconf 80' lang='lat' dir='ltr'>Bolealausll.</span> <span class='ocrx_word' id='word_1_20' title='bbox 610 874 824 957; x_wconf 75' lang='lat' dir='ltr'>coronatur,</span> <span class='ocrx_word' id='word_1_21' title='bbox 842 864 905 962; x_wconf 88' lang='lat' dir='ltr'>qui</span> <span class='ocrx_word' id='word_1_22' title='bbox 919 865 1239 940; x_wconf 87' lang='lat' dir='ltr'>occiditsauotum</span> 
     </span>
     <span class='ocr_line' id='line_1_6' title="bbox 136 958 388 1035; baseline 0.004 -1"><span class='ocrx_word' id='word_1_23' title='bbox 136 958 388 1035; x_wconf 75' lang='lat' dir='ltr'>Sianizlaum.</span> 
     </span>
    </p>

    <p class='ocr_par' dir='ltr' id='par_1_6' title="bbox 218 1061 1239 1160">
     <span class='ocr_line' id='line_1_7' title="bbox 218 1061 1239 1160; baseline 0.005 -27"><span class='ocrx_word' id='word_1_24' title='bbox 218 1064 326 1135; x_wconf 88' lang='grc'><strong>1078.</strong></span> <span class='ocrx_word' id='word_1_25' title='bbox 346 1085 413 1134; x_wconf 86' lang='lat' dir='ltr'>rex</span> <span class='ocrx_word' id='word_1_26' title='bbox 439 1061 699 1135; x_wconf 85' lang='lat' dir='ltr'>llutlrenorum</span> <span class='ocrx_word' id='word_1_27' title='bbox 718 1063 755 1134; x_wconf 94' lang='lat' dir='ltr'>in</span> <span class='ocrx_word' id='word_1_28' title='bbox 775 1063 892 1160; x_wconf 90' lang='lat' dir='ltr'>prelio</span> <span class='ocrx_word' id='word_1_29' title='bbox 919 1064 1140 1138; x_wconf 85' lang='lat' dir='ltr'>interfectus</span> <span class='ocrx_word' id='word_1_30' title='bbox 1168 1074 1239 1138; x_wconf 88' lang='lat' dir='ltr'>est.</span> 
     </span>
    </p>

    <p class='ocr_par' dir='ltr' id='par_1_7' title="bbox 133 1161 1349 3463">
     <span class='ocr_line' id='line_1_8' title="bbox 220 1161 1239 1261; baseline 0.004 -27"><span class='ocrx_word' id='word_1_31' title='bbox 220 1163 326 1236; x_wconf 89' lang='grc'><strong>1079.</strong></span> <span class='ocrx_word' id='word_1_32' title='bbox 363 1161 574 1240; x_wconf 85' lang='lat' dir='ltr'>Stanizlaus</span> <span class='ocrx_word' id='word_1_33' title='bbox 595 1163 798 1261; x_wconf 87' lang='lat' dir='ltr'>episcopus</span> <span class='ocrx_word' id='word_1_34' title='bbox 816 1163 1079 1238; x_wconf 87' lang='lat' dir='ltr'>Cracoviensis</span> <span class='ocrx_word' id='word_1_35' title='bbox 1107 1175 1239 1238; x_wconf 85' lang='lat' dir='ltr'>sancte</span> 
     </span>
     <span class='ocr_line' id='line_1_9' title="bbox 136 1257 1238 1362; baseline 0.005 -32"><span class='ocrx_word' id='word_1_36' title='bbox 136 1257 230 1354; x_wconf 83' lang='lat' dir='ltr'>vite,</span> <span class='ocrx_word' id='word_1_37' title='bbox 256 1259 433 1335; x_wconf 88' lang='lat' dir='ltr'>virtutum</span> <span class='ocrx_word' id='word_1_38' title='bbox 452 1262 603 1336; x_wconf 89' lang='lat' dir='ltr'>radians</span> <span class='ocrx_word' id='word_1_39' title='bbox 619 1263 803 1360; x_wconf 89' lang='lat' dir='ltr'>claritate,</span> <span class='ocrx_word' id='word_1_40' title='bbox 822 1265 882 1362; x_wconf 92' lang='lat' dir='ltr'>qui</span> <span class='ocrx_word' id='word_1_41' title='bbox 894 1265 1045 1338; x_wconf 90' lang='lat' dir='ltr'>Petrum</span> <span class='ocrx_word' id='word_1_42' title='bbox 1055 1265 1238 1341; x_wconf 83' lang='lat' dir='ltr'>heredem</span> 
     </span>
     <span class='ocr_line' id='line_1_10' title="bbox 135 1361 1238 1460; baseline 0.006 -29"><span class='ocrx_word' id='word_1_43' title='bbox 135 1361 188 1432; x_wconf 92' lang='lat' dir='ltr'>de</span> <span class='ocrx_word' id='word_1_44' title='bbox 206 1361 394 1456; x_wconf 86' lang='lat' dir='ltr'>Potravin,</span> <span class='ocrx_word' id='word_1_45' title='bbox 416 1386 436 1434; x_wconf 89' lang='lat' dir='ltr'>a</span> <span class='ocrx_word' id='word_1_46' title='bbox 462 1387 534 1459; x_wconf 90' lang='lat' dir='ltr'>quo</span> <span class='ocrx_word' id='word_1_47' title='bbox 557 1363 683 1460; x_wconf 87' lang='lat' dir='ltr'>ipsum</span> <span class='ocrx_word' id='word_1_48' title='bbox 710 1363 886 1437; x_wconf 86' lang='lat' dir='ltr'>Potravin</span> <span class='ocrx_word' id='word_1_49' title='bbox 911 1375 1076 1458; x_wconf 86' lang='lat' dir='ltr'>emerat,</span> <span class='ocrx_word' id='word_1_50' title='bbox 1102 1375 1143 1437; x_wconf 94' lang='lat' dir='ltr'>ut</span> <span class='ocrx_word' id='word_1_51' title='bbox 1168 1388 1238 1438; x_wconf 85' lang='lat' dir='ltr'>sue</span> 
     </span>
     <span class='ocr_line' id='line_1_11' title="bbox 140 1459 1239 1560; baseline 0.007 -31"><span class='ocrx_word' id='word_1_52' title='bbox 140 1459 302 1532; x_wconf 84' lang='lat' dir='ltr'>ecclesie</span> <span class='ocrx_word' id='word_1_53' title='bbox 325 1461 490 1534; x_wconf 90' lang='lat' dir='ltr'>redditus</span> <span class='ocrx_word' id='word_1_54' title='bbox 508 1463 726 1560; x_wconf 71' lang='lat' dir='ltr'>ampliaret,</span> <span class='ocrx_word' id='word_1_55' title='bbox 753 1489 773 1536; x_wconf 90' lang='lat' dir='ltr'>a</span> <span class='ocrx_word' id='word_1_56' title='bbox 794 1464 951 1537; x_wconf 75' lang='lat' dir='ltr'>mortuis</span> <span class='ocrx_word' id='word_1_57' title='bbox 971 1464 1180 1559; x_wconf 78' lang='lat' dir='ltr'>suscitavit,</span> <span class='ocrx_word' id='word_1_58' title='bbox 1198 1474 1239 1537; x_wconf 94' lang='lat' dir='ltr'>ut</span> 
     </span>
     <span class='ocr_line' id='line_1_12' title="bbox 134 1562 1236 1669; baseline 0.005 -38"><span class='ocrx_word' id='word_1_59' title='bbox 134 1582 257 1655; x_wconf 86' lang='lat' dir='ltr'>super</span> <span class='ocrx_word' id='word_1_60' title='bbox 277 1562 497 1634; x_wconf 86' lang='lat' dir='ltr'>vendicione</span> <span class='ocrx_word' id='word_1_61' title='bbox 524 1563 642 1660; x_wconf 90' lang='lat' dir='ltr'>ipsius</span> <span class='ocrx_word' id='word_1_62' title='bbox 666 1563 886 1637; x_wconf 88' lang='lat' dir='ltr'>hereditatis</span> <span class='ocrx_word' id='word_1_63' title='bbox 910 1564 1034 1637; x_wconf 87' lang='lat' dir='ltr'>eidem</span> <span class='ocrx_word' id='word_1_64' title='bbox 1058 1565 1236 1669; x_wconf 87' lang='lat' dir='ltr'>episcopo</span> 
     </span>
     <span class='ocr_line' id='line_1_13' title="bbox 137 1661 1239 1762; baseline 0.01 -32"><span class='ocrx_word' id='word_1_65' title='bbox 137 1681 269 1732; x_wconf 83' lang='lat' dir='ltr'>coram</span> <span class='ocrx_word' id='word_1_66' title='bbox 294 1684 386 1758; x_wconf 82' lang='lat' dir='ltr'>rege</span> <span class='ocrx_word' id='word_1_67' title='bbox 417 1661 581 1738; x_wconf 83' lang='lat' dir='ltr'>infauste</span> <span class='ocrx_word' id='word_1_68' title='bbox 610 1664 793 1738; x_wconf 87' lang='lat' dir='ltr'>memorie</span> <span class='ocrx_word' id='word_1_69' title='bbox 821 1663 994 1738; x_wconf 88' lang='lat' dir='ltr'>Bolezlao</span> <span class='ocrx_word' id='word_1_70' title='bbox 1021 1664 1239 1762; x_wconf 86' lang='lat' dir='ltr'>perhiberet</span> 
     </span>
     <span class='ocr_line' id='line_1_14' title="bbox 139 1760 1236 1862; baseline 0.009 -32"><span class='ocrx_word' id='word_1_71' title='bbox 139 1760 397 1832; x_wconf 89' lang='lat' dir='ltr'>testimonium</span> <span class='ocrx_word' id='word_1_72' title='bbox 413 1762 574 1855; x_wconf 89' lang='lat' dir='ltr'>veritati,</span> <span class='ocrx_word' id='word_1_73' title='bbox 588 1768 634 1838; x_wconf 86' lang='lat' dir='ltr'>ab</span> <span class='ocrx_word' id='word_1_74' title='bbox 651 1763 733 1861; x_wconf 89' lang='lat' dir='ltr'>ipso</span> <span class='ocrx_word' id='word_1_75' title='bbox 749 1788 840 1862; x_wconf 81' lang='lat' dir='ltr'>rege</span> <span class='ocrx_word' id='word_1_76' title='bbox 854 1765 1031 1838; x_wconf 86' lang='lat' dir='ltr'>Bolezlao</span> <span class='ocrx_word' id='word_1_77' title='bbox 1043 1765 1236 1840; x_wconf 86' lang='lat' dir='ltr'>sceleroso</span> 
     </span>
     <span class='ocr_line' id='line_1_15' title="bbox 138 1859 1237 1961; baseline 0.005 -31"><span class='ocrx_word' id='word_1_78' title='bbox 138 1859 433 1934; x_wconf 82' lang='lat' dir='ltr'>etinhumaniter</span> <span class='ocrx_word' id='word_1_79' title='bbox 455 1874 607 1959; x_wconf 78' lang='lat' dir='ltr'>agente,</span> <span class='ocrx_word' id='word_1_80' title='bbox 634 1864 814 1938; x_wconf 89' lang='lat' dir='ltr'>infulatus</span> <span class='ocrx_word' id='word_1_81' title='bbox 844 1864 1119 1961; x_wconf 88' lang='lat' dir='ltr'>pontificalibus</span> <span class='ocrx_word' id='word_1_82' title='bbox 1146 1864 1237 1936; x_wconf 91' lang='lat' dir='ltr'>ami·</span> 
     </span>
     <span class='ocr_line' id='line_1_16' title="bbox 135 1962 1235 2061; baseline 0.005 -31"><span class='ocrx_word' id='word_1_83' title='bbox 135 1969 223 2032; x_wconf 84' lang='lat' dir='ltr'>ctus</span> <span class='ocrx_word' id='word_1_84' title='bbox 247 1983 368 2057; x_wconf 83' lang='lat' dir='ltr'>agens</span> <span class='ocrx_word' id='word_1_85' title='bbox 386 1962 503 2035; x_wconf 87' lang='lat' dir='ltr'>misse</span> <span class='ocrx_word' id='word_1_86' title='bbox 523 1964 773 2061; x_wconf 76' lang='lat' dir='ltr'>sollempnia,</span> <span class='ocrx_word' id='word_1_87' title='bbox 799 1966 845 2036; x_wconf 90' lang='lat' dir='ltr'>ad</span> <span class='ocrx_word' id='word_1_88' title='bbox 865 1965 982 2037; x_wconf 87' lang='lat' dir='ltr'>altare</span> <span class='ocrx_word' id='word_1_89' title='bbox 1007 1965 1045 2036; x_wconf 93' lang='lat' dir='ltr'>in</span> <span class='ocrx_word' id='word_1_90' title='bbox 1073 1965 1235 2036; x_wconf 87' lang='lat' dir='ltr'>ecclesia</span> 
     </span>
     <span class='ocr_line' id='line_1_17' title="bbox 140 2061 1235 2162; baseline 0.005 -31"><span class='ocrx_word' id='word_1_91' title='bbox 140 2061 260 2132; x_wconf 89' lang='lat' dir='ltr'>sancti</span> <span class='ocrx_word' id='word_1_92' title='bbox 274 2061 468 2135; x_wconf 87' lang='lat' dir='ltr'>Michaelis</span> <span class='ocrx_word' id='word_1_93' title='bbox 489 2065 533 2135; x_wconf 87' lang='lat' dir='ltr'>de</span> <span class='ocrx_word' id='word_1_94' title='bbox 549 2064 704 2162; x_wconf 88' lang='lat' dir='ltr'>Rupella</span> <span class='ocrx_word' id='word_1_95' title='bbox 722 2065 974 2136; x_wconf 89' lang='lat' dir='ltr'>martirizatur</span> <span class='ocrx_word' id='word_1_96' title='bbox 992 2075 1029 2137; x_wconf 93' lang='grc'>91</span> <span class='ocrx_word' id='word_1_97' title='bbox 1044 2064 1235 2136; x_wconf 80' lang='lat' dir='ltr'>frustatim</span> 
     </span>
     <span class='ocr_line' id='line_1_18' title="bbox 135 2161 1234 2262; baseline 0.006 -33"><span class='ocrx_word' id='word_1_98' title='bbox 135 2161 315 2234; x_wconf 87' lang='lat' dir='ltr'>concisus</span> <span class='ocrx_word' id='word_1_99' title='bbox 351 2161 499 2236; x_wconf 87' lang='lat' dir='ltr'>alitibus</span> <span class='ocrx_word' id='word_1_100' title='bbox 536 2173 573 2235; x_wconf 89' lang='lat' dir='ltr'>et</span> <span class='ocrx_word' id='word_1_101' title='bbox 605 2164 695 2236; x_wconf 88' lang='grc'><strong>19119</strong></span> <span class='ocrx_word' id='word_1_102' title='bbox 727 2163 956 2262; x_wconf 79' lang='lat' dir='ltr'>dispergitur</span> <span class='ocrx_word' id='word_1_103' title='bbox 987 2165 1102 2237; x_wconf 85' lang='lat' dir='ltr'>tercio</span> <span class='ocrx_word' id='word_1_104' title='bbox 1130 2165 1234 2236; x_wconf 88' lang='lat' dir='ltr'>Ydus</span> 
     </span>
     <span class='ocr_line' id='line_1_19' title="bbox 135 2260 1349 2361; baseline 0.004 -31"><span class='ocrx_word' id='word_1_105' title='bbox 135 2260 285 2357; x_wconf 80' lang='lat' dir='ltr'>Aprilis.</span> <span class='ocrx_word' id='word_1_106' title='bbox 316 2261 456 2334; x_wconf 88' lang='lat' dir='ltr'>Verum</span> <span class='ocrx_word' id='word_1_107' title='bbox 476 2263 561 2360; x_wconf 88' lang='lat' dir='ltr'>quia</span> <span class='ocrx_word' id='word_1_108' title='bbox 581 2265 683 2337; x_wconf 88' lang='lat' dir='ltr'>Deus</span> <span class='ocrx_word' id='word_1_109' title='bbox 703 2264 766 2360; x_wconf 90' lang='lat' dir='ltr'>qui</span> <span class='ocrx_word' id='word_1_110' title='bbox 786 2264 1056 2361; x_wconf 86' lang='lat' dir='ltr'>semperiustis</span> <span class='ocrx_word' id='word_1_111' title='bbox 1077 2263 1155 2336; x_wconf 93' lang='lat' dir='ltr'>vult</span> <span class='ocrx_word' id='word_1_112' title='bbox 1172 2265 1235 2335; x_wconf 89' lang='lat' dir='ltr'>ad·</span> <span class='ocrx_word' id='word_1_113' title='bbox 1246 2278 1349 2335; x_wconf 66' lang='lat' dir='ltr'>Art-11·</span> 
     </span>
     <span class='ocr_line' id='line_1_20' title="bbox 137 2360 1235 2459; baseline 0.004 -28"><span class='ocrx_word' id='word_1_114' title='bbox 137 2383 247 2457; x_wconf 86' lang='lat' dir='ltr'>esse,</span> <span class='ocrx_word' id='word_1_115' title='bbox 280 2360 413 2434; x_wconf 88' lang='lat' dir='ltr'>volens</span> <span class='ocrx_word' id='word_1_116' title='bbox 445 2361 656 2459; x_wconf 81' lang='lat' dir='ltr'>glorificare</span> <span class='ocrx_word' id='word_1_117' title='bbox 688 2387 799 2437; x_wconf 91' lang='lat' dir='ltr'>suum</span> <span class='ocrx_word' id='word_1_118' title='bbox 840 2365 1105 2436; x_wconf 85' lang='lat' dir='ltr'>miraculorum</span> <span class='ocrx_word' id='word_1_119' title='bbox 1137 2387 1235 2436; x_wconf 91' lang='lat' dir='ltr'>mar-</span> 
     </span>
     <span class='ocr_line' id='line_1_21' title="bbox 134 2460 1235 2561; baseline 0.003 -28"><span class='ocrx_word' id='word_1_120' title='bbox 134 2460 260 2558; x_wconf 88' lang='lat' dir='ltr'>tirem,</span> <span class='ocrx_word' id='word_1_121' title='bbox 280 2462 448 2535; x_wconf 85' lang='lat' dir='ltr'>claritate</span> <span class='ocrx_word' id='word_1_122' title='bbox 467 2464 636 2561; x_wconf 84' lang='lat' dir='ltr'>singulas</span> <span class='ocrx_word' id='word_1_123' title='bbox 653 2464 836 2537; x_wconf 89' lang='lat' dir='ltr'>minucias</span> <span class='ocrx_word' id='word_1_124' title='bbox 856 2465 1134 2538; x_wconf 89' lang='lat' dir='ltr'>frusticulorum</span> <span class='ocrx_word' id='word_1_125' title='bbox 1156 2488 1235 2538; x_wconf 89' lang='lat' dir='ltr'>cor-</span> 
     </span>
     <span class='ocr_line' id='line_1_22' title="bbox 135 2560 1235 2663; baseline 0.003 -30"><span class='ocrx_word' id='word_1_126' title='bbox 135 2560 240 2657; x_wconf 89' lang='lat' dir='ltr'>poris</span> <span class='ocrx_word' id='word_1_127' title='bbox 272 2562 330 2635; x_wconf 92' lang='lat' dir='ltr'>sui</span> <span class='ocrx_word' id='word_1_128' title='bbox 361 2563 546 2659; x_wconf 88' lang='lat' dir='ltr'>martiris,</span> <span class='ocrx_word' id='word_1_129' title='bbox 579 2564 641 2663; x_wconf 77' lang='lat' dir='ltr'>qui</span> <span class='ocrx_word' id='word_1_130' title='bbox 670 2575 728 2639; x_wconf 91' lang='lat' dir='ltr'>est</span> <span class='ocrx_word' id='word_1_131' title='bbox 757 2590 896 2663; x_wconf 89' lang='lat' dir='ltr'>passus</span> <span class='ocrx_word' id='word_1_132' title='bbox 925 2590 993 2663; x_wconf 91' lang='lat' dir='ltr'>pro</span> <span class='ocrx_word' id='word_1_133' title='bbox 1025 2565 1168 2639; x_wconf 86' lang='lat' dir='ltr'>excidio</span> <span class='ocrx_word' id='word_1_134' title='bbox 1198 2575 1235 2637; x_wconf 90' lang='lat' dir='ltr'>et</span> 
     </span>
     <span class='ocr_line' id='line_1_23' title="bbox 136 2661 1234 2761; baseline 0.003 -29"><span class='ocrx_word' id='word_1_135' title='bbox 136 2661 270 2733; x_wconf 88' lang='lat' dir='ltr'>iniuria</span> <span class='ocrx_word' id='word_1_136' title='bbox 297 2686 365 2735; x_wconf 87' lang='lat' dir='ltr'>sue</span> <span class='ocrx_word' id='word_1_137' title='bbox 395 2664 537 2761; x_wconf 82' lang='lat' dir='ltr'>plebis,</span> <span class='ocrx_word' id='word_1_138' title='bbox 566 2665 719 2761; x_wconf 85' lang='lat' dir='ltr'>superni</span> <span class='ocrx_word' id='word_1_139' title='bbox 746 2665 898 2739; x_wconf 88' lang='lat' dir='ltr'>luminis</span> <span class='ocrx_word' id='word_1_140' title='bbox 928 2665 1040 2739; x_wconf 88' lang='lat' dir='ltr'>radiis</span> <span class='ocrx_word' id='word_1_141' title='bbox 1069 2665 1234 2760; x_wconf 86' lang='lat' dir='ltr'>irradiat,</span> 
     </span>
     <span class='ocr_line' id='line_1_24' title="bbox 137 2762 1235 2861; baseline 0.002 -28"><span class='ocrx_word' id='word_1_142' title='bbox 137 2772 298 2857; x_wconf 89' lang='lat' dir='ltr'>quatuor</span> <span class='ocrx_word' id='word_1_143' title='bbox 319 2762 463 2859; x_wconf 86' lang='lat' dir='ltr'>aquilas</span> <span class='ocrx_word' id='word_1_144' title='bbox 492 2789 557 2861; x_wconf 89' lang='lat' dir='ltr'>pro</span> <span class='ocrx_word' id='word_1_145' title='bbox 583 2765 776 2839; x_wconf 85' lang='lat' dir='ltr'>custodela</span> <span class='ocrx_word' id='word_1_146' title='bbox 802 2776 838 2838; x_wconf 89' lang='grc'>91</span> <span class='ocrx_word' id='word_1_147' title='bbox 857 2765 1077 2838; x_wconf 86' lang='lat' dir='ltr'>defensione</span> <span class='ocrx_word' id='word_1_148' title='bbox 1098 2767 1235 2841; x_wconf 85' lang='lat' dir='ltr'>sacrati</span> 
     </span>
     <span class='ocr_line' id='line_1_25' title="bbox 136 2863 1235 2963; baseline 0.003 -31"><span class='ocrx_word' id='word_1_149' title='bbox 136 2863 304 2959; x_wconf 90' lang='lat' dir='ltr'>corporis</span> <span class='ocrx_word' id='word_1_150' title='bbox 323 2867 490 2961; x_wconf 86' lang='lat' dir='ltr'>deputat,</span> <span class='ocrx_word' id='word_1_151' title='bbox 509 2888 557 2937; x_wconf 92' lang='lat' dir='ltr'>ne</span> <span class='ocrx_word' id='word_1_152' title='bbox 577 2890 650 2963; x_wconf 89' lang='lat' dir='ltr'>qua</span> <span class='ocrx_word' id='word_1_153' title='bbox 670 2868 980 2963; x_wconf 84' lang='lat' dir='ltr'>sauguipetarum</span> <span class='ocrx_word' id='word_1_154' title='bbox 996 2866 1150 2937; x_wconf 87' lang='lat' dir='ltr'>alituum</span> <span class='ocrx_word' id='word_1_155' title='bbox 1171 2874 1235 2936; x_wconf 88' lang='lat' dir='ltr'>aut</span> 
     </span>
     <span class='ocr_line' id='line_1_26' title="bbox 134 2962 1234 3064; baseline 0.003 -32"><span class='ocrx_word' id='word_1_156' title='bbox 134 2962 302 3035; x_wconf 85' lang='lat' dir='ltr'>ferarum</span> <span class='ocrx_word' id='word_1_157' title='bbox 326 2964 396 3037; x_wconf 88' lang='lat' dir='ltr'>has</span> <span class='ocrx_word' id='word_1_158' title='bbox 416 2964 495 3037; x_wconf 92' lang='lat' dir='ltr'>suis</span> <span class='ocrx_word' id='word_1_159' title='bbox 514 2967 702 3039; x_wconf 86' lang='lat' dir='ltr'>morsibus</span> <span class='ocrx_word' id='word_1_160' title='bbox 717 2970 856 3040; x_wconf 88' lang='lat' dir='ltr'>audeat</span> <span class='ocrx_word' id='word_1_161' title='bbox 868 2976 1103 3064; x_wconf 88' lang='lat' dir='ltr'>attemptare.</span> <span class='ocrx_word' id='word_1_162' title='bbox 1139 2966 1234 3036; x_wconf 87' lang='lat' dir='ltr'>Tan-</span> 
     </span>
     <span class='ocr_line' id='line_1_27' title="bbox 136 3063 1235 3162; baseline 0.003 -29"><span class='ocrx_word' id='word_1_163' title='bbox 136 3063 298 3162; x_wconf 87' lang='lat' dir='ltr'>demque</span> <span class='ocrx_word' id='word_1_164' title='bbox 320 3066 401 3139; x_wconf 88' lang='grc'><strong>91119</strong></span> <span class='ocrx_word' id='word_1_165' title='bbox 429 3067 531 3138; x_wconf 92' lang='lat' dir='ltr'>omni</span> <span class='ocrx_word' id='word_1_166' title='bbox 557 3068 749 3139; x_wconf 84' lang='lat' dir='ltr'>notamine</span> <span class='ocrx_word' id='word_1_167' title='bbox 786 3066 1001 3139; x_wconf 88' lang='lat' dir='ltr'>cicatricum</span> <span class='ocrx_word' id='word_1_168' title='bbox 1033 3089 1169 3139; x_wconf 90' lang='lat' dir='ltr'>sanum</span> <span class='ocrx_word' id='word_1_169' title='bbox 1197 3074 1235 3137; x_wconf 91' lang='grc'>91</span> 
     </span>
     <span class='ocr_line' id='line_1_28' title="bbox 134 3163 1234 3265; baseline 0.001 -30"><span class='ocrx_word' id='word_1_170' title='bbox 134 3163 286 3236; x_wconf 86' lang='lat' dir='ltr'>salvum</span> <span class='ocrx_word' id='word_1_171' title='bbox 313 3166 546 3263; x_wconf 79' lang='lat' dir='ltr'>redintegrat</span> <span class='ocrx_word' id='word_1_172' title='bbox 562 3177 682 3245; x_wconf 88' lang='lat' dir='ltr'>totum</span> <span class='ocrx_word' id='word_1_173' title='bbox 702 3191 853 3265; x_wconf 90' lang='lat' dir='ltr'>corpus,</span> <span class='ocrx_word' id='word_1_174' title='bbox 880 3169 978 3264; x_wconf 88' lang='lat' dir='ltr'>quod</span> <span class='ocrx_word' id='word_1_175' title='bbox 999 3165 1053 3239; x_wconf 90' lang='lat' dir='ltr'>sie</span> <span class='ocrx_word' id='word_1_176' title='bbox 1073 3165 1234 3237; x_wconf 85' lang='lat' dir='ltr'>redinte-</span> 
     </span>
     <span class='ocr_line' id='line_1_29' title="bbox 135 3264 1233 3363; baseline 0.003 -29"><span class='ocrx_word' id='word_1_177' title='bbox 135 3274 284 3360; x_wconf 84' lang='lat' dir='ltr'>gratum</span> <span class='ocrx_word' id='word_1_178' title='bbox 313 3267 382 3339; x_wconf 91' lang='lat' dir='ltr'>fuit</span> <span class='ocrx_word' id='word_1_179' title='bbox 408 3270 714 3340; x_wconf 89' lang='lat' dir='ltr'>commendatum</span> <span class='ocrx_word' id='word_1_180' title='bbox 737 3292 758 3339; x_wconf 90' lang='lat' dir='ltr'>a</span> <span class='ocrx_word' id='word_1_181' title='bbox 785 3266 873 3339; x_wconf 89' lang='lat' dir='ltr'>viris</span> <span class='ocrx_word' id='word_1_182' title='bbox 900 3264 974 3339; x_wconf 87' lang='lat' dir='ltr'>lide</span> <span class='ocrx_word' id='word_1_183' title='bbox 1000 3264 1233 3363; x_wconf 83' lang='lat' dir='ltr'>dignissimis</span> 
     </span>
     <span class='ocr_line' id='line_1_30' title="bbox 133 3365 1011 3463; baseline 0.006 -26"><span class='ocrx_word' id='word_1_184' title='bbox 133 3365 341 3463; x_wconf 87' lang='lat' dir='ltr'>sepulture.</span> <span class='ocrx_word' id='word_1_185' title='bbox 841 3456 843 3460; x_wconf 16' lang='lat'><strong><em>¹</em></strong></span> <span class='ocrx_word' id='word_1_186' title='bbox 1007 3372 1011 3379; x_wconf 84' lang='lat'><em>&#39;</em></span> 
     </span>
    </p>

    <p class='ocr_par' dir='ltr' id='par_1_8' title="bbox 101 3466 1167 3540">
     <span class='ocr_line' id='line_1_31' title="bbox 101 3466 1167 3540; baseline -0.002 -3"><span class='ocrx_word' id='word_1_187' title='bbox 101 3500 103 3508; x_wconf 39' lang='lat' dir='ltr'>v</span> <span class='ocrx_word' id='word_1_188' title='bbox 215 3469 321 3539; x_wconf 90' lang='grc'><strong>1081.</strong></span> <span class='ocrx_word' id='word_1_189' title='bbox 341 3470 531 3540; x_wconf 86' lang='lat' dir='ltr'>secundus</span> <span class='ocrx_word' id='word_1_190' title='bbox 550 3466 747 3539; x_wconf 86' lang='lat' dir='ltr'>Bolezlaus</span> <span class='ocrx_word' id='word_1_191' title='bbox 767 3490 834 3539; x_wconf 87' lang='lat' dir='ltr'>rex</span> <span class='ocrx_word' id='word_1_192' title='bbox 852 3466 952 3540; x_wconf 89' lang='lat' dir='ltr'>obiit.</span> <span class='ocrx_word' id='word_1_193' title='bbox 996 3488 1002 3501; x_wconf 69' lang='lat'><strong><em>¹</em></strong></span> <span class='ocrx_word' id='word_1_194' title='bbox 1163 3528 1167 3535; x_wconf 89' lang='lat'><em>.</em></span> 
     </span>
    </p>

    <p class='ocr_par' dir='ltr' id='par_1_9' title="bbox 132 3564 1232 3743">
     <span class='ocr_line' id='line_1_32' title="bbox 214 3564 1232 3664; baseline -0.002 -27"><span class='ocrx_word' id='word_1_195' title='bbox 214 3566 321 3638; x_wconf 79' lang='lat'><strong>1082.</strong></span> <span class='ocrx_word' id='word_1_196' title='bbox 356 3565 446 3638; x_wconf 85' lang='lat' dir='ltr'>item</span> <span class='ocrx_word' id='word_1_197' title='bbox 485 3566 675 3640; x_wconf 89' lang='lat' dir='ltr'>ordinacio</span> <span class='ocrx_word' id='word_1_198' title='bbox 703 3567 893 3641; x_wconf 85' lang='lat' dir='ltr'>Lamberti</span> <span class='ocrx_word' id='word_1_199' title='bbox 932 3566 970 3638; x_wconf 92' lang='lat' dir='ltr'>in</span> <span class='ocrx_word' id='word_1_200' title='bbox 1012 3564 1232 3664; x_wconf 89' lang='lat' dir='ltr'>episcopum</span> 
     </span>
     <span class='ocr_line' id='line_1_33' title="bbox 132 3665 493 3743; baseline -0.003 -3"><span class='ocrx_word' id='word_1_201' title='bbox 132 3665 440 3743; x_wconf 77' lang='lat' dir='ltr'>cracoviensem.</span> <span class='ocrx_word' id='word_1_202' title='bbox 491 3706 493 3713; x_wconf 95' lang='lat'>·</span> 
     </span>
    </p>

    <p class='ocr_par' dir='ltr' id='par_1_10' title="bbox 134 3761 1342 4041">
     <span class='ocr_line' id='line_1_34' title="bbox 215 3761 1231 3861; baseline -0.006 -21"><span class='ocrx_word' id='word_1_203' title='bbox 215 3768 322 3840; x_wconf 91' lang='grc'><strong>1086.</strong></span> <span class='ocrx_word' id='word_1_204' title='bbox 341 3765 472 3838; x_wconf 87' lang='lat' dir='ltr'>Mesko</span> <span class='ocrx_word' id='word_1_205' title='bbox 491 3765 589 3841; x_wconf 89' lang='lat' dir='ltr'>lilius</span> <span class='ocrx_word' id='word_1_206' title='bbox 607 3767 772 3842; x_wconf 88' lang='lat' dir='ltr'>Bolezlai</span> <span class='ocrx_word' id='word_1_207' title='bbox 797 3765 953 3841; x_wconf 89' lang='lat' dir='ltr'>secundi</span> <span class='ocrx_word' id='word_1_208' title='bbox 976 3768 1021 3839; x_wconf 92' lang='lat' dir='ltr'>de</span> <span class='ocrx_word' id='word_1_209' title='bbox 1039 3761 1231 3861; x_wconf 79' lang='lat' dir='ltr'>Hungariai</span> 
     </span>
     <span class='ocr_line' id='line_1_35' title="bbox 134 3839 1342 3959; baseline -0.002 -21"><span class='ocrx_word' id='word_1_210' title='bbox 134 3866 244 3940; x_wconf 88' lang='lat' dir='ltr'>rediit</span> <span class='ocrx_word' id='word_1_211' title='bbox 269 3876 307 3939; x_wconf 89' lang='lat' dir='ltr'>et</span> <span class='ocrx_word' id='word_1_212' title='bbox 330 3866 530 3940; x_wconf 87' lang='lat' dir='ltr'>Bolezlaus</span> <span class='ocrx_word' id='word_1_213' title='bbox 561 3868 700 3941; x_wconf 88' lang='lat' dir='ltr'>tercius</span> <span class='ocrx_word' id='word_1_214' title='bbox 727 3878 933 3941; x_wconf 84' lang='lat' dir='ltr'>natusest.</span> <span class='ocrx_word' id='word_1_215' title='bbox 969 3865 1091 3939; x_wconf 90' lang='lat' dir='ltr'>ludith</span> <span class='ocrx_word' id='word_1_216' title='bbox 1109 3874 1232 3937; x_wconf 90' lang='lat' dir='ltr'>mater</span> <span class='ocrx_word' id='word_1_217' title='bbox 1242 3839 1342 3959; x_wconf 47' lang='grc'><strong>13311,</strong></span> 
     </span>
     <span class='ocr_line' id='line_1_36' title="bbox 134 3968 323 4041; baseline 0.011 -2"><span class='ocrx_word' id='word_1_218' title='bbox 134 3990 204 4039; x_wconf 91' lang='lat' dir='ltr'>sua</span> <span class='ocrx_word' id='word_1_219' title='bbox 224 3968 323 4041; x_wconf 87' lang='lat' dir='ltr'>obiit.</span> 
     </span>
    </p>

    <p class='ocr_par' dir='ltr' id='par_1_11' title="bbox 211 4066 988 4165">
     <span class='ocr_line' id='line_1_37' title="bbox 211 4066 988 4165; baseline -0.003 -24"><span class='ocrx_word' id='word_1_220' title='bbox 211 4070 320 4143; x_wconf 91' lang='grc'><strong>1087.</strong></span> <span class='ocrx_word' id='word_1_221' title='bbox 338 4070 564 4165; x_wconf 81' lang='lat' dir='ltr'>Dobronega</span> <span class='ocrx_word' id='word_1_222' title='bbox 585 4090 678 4139; x_wconf 86' lang='lat' dir='ltr'>uxor</span> <span class='ocrx_word' id='word_1_223' title='bbox 694 4067 869 4141; x_wconf 88' lang='lat' dir='ltr'>Kazimiri</span> <span class='ocrx_word' id='word_1_224' title='bbox 888 4066 988 4141; x_wconf 85' lang='lat' dir='ltr'>obiit</span> 
     </span>
    </p>

    <p class='ocr_par' dir='ltr' id='par_1_12' title="bbox 211 4168 777 4244">
     <span class='ocr_line' id='line_1_38' title="bbox 211 4168 777 4244; baseline -0.007 -1"><span class='ocrx_word' id='word_1_225' title='bbox 211 4169 317 4244; x_wconf 90' lang='grc'><strong>1088.</strong></span> <span class='ocrx_word' id='word_1_226' title='bbox 337 4169 469 4243; x_wconf 87' lang='lat' dir='ltr'>Mesko</span> <span class='ocrx_word' id='word_1_227' title='bbox 490 4191 647 4241; x_wconf 87' lang='lat' dir='ltr'>uxorem</span> <span class='ocrx_word' id='word_1_228' title='bbox 666 4168 777 4240; x_wconf 83' lang='lat' dir='ltr'>duxit</span> 
     </span>
    </p>
   </div>
   <div class='ocr_carea' id='block_1_3' title="bbox 0 0 1530 4900">
    <p class='ocr_par' dir='ltr' id='par_1_13' title="bbox 0 0 1530 4900">
     <span class='ocr_line' id='line_1_39' title="bbox 0 0 1530 4900; baseline 0 1"><span class='ocrx_word' id='word_1_229' title='bbox 0 0 1530 4900; x_wconf 95' lang='lat' dir='ltr'> </span> 
     </span>
    </p>
   </div>
  </div>
 </body>
</html>
