3050 4900
281 467 329 538 rs
381 457 565 536 cousin.
589 459 754 532 nunno.
778 454 1074 534 ronononuu
1098 458 1190 532 rur
1209 428 1266 533 ru.
1329 480 1334 483 <

193 661 394 734 tastsitam
422 663 500 734 Deo
530 671 567 732 et
591 660 711 733 beatis
738 661 937 733 Adalberto
972 671 1009 732 et
1043 659 1230 738 Stanislao
1257 660 1377 732 sacris

168 759 518 860 septenpontifioibus
539 771 575 832 et
594 760 806 832 martiribus
823 785 865 832 se
886 771 922 832 et
942 785 1031 833 suos
1047 763 1378 855 recommendans⁷

281 865 318 933 in
338 864 590 934 translacione
610 861 708 934 beati
727 861 903 933 Stanislai
924 885 1007 932 cum
1028 861 1120 959 ipsis
1149 859 1314 932 conllixit
1340 871 1379 931 et
1507 868 1509 944 ζ

279 965 358 1035 Deo
388 974 425 1035 et
453 963 531 1034 suis
560 962 701 1034 sanctis
729 961 796 1034 sibi
826 961 1086 1034 adiuvantibus
1121 972 1222 1032 tanta
1249 961 1317 1031 fuit
1339 960 1377 1030 in
1507 958 1509 1009 t

279 1065 383 1160 ipsos
405 1065 496 1134 cede
515 1063 743 1134 debachatus
772 1071 810 1132 ut
829 1064 877 1134 20
904 1062 1005 1133 milia
1030 1065 1076 1132 de
1101 1061 1193 1158 ipsis
1214 1070 1377 1158 prostra-

281 1164 412 1252 veritss7
440 1171 479 1233 ut
505 1163 669 1258 ipsemet
687 1185 753 1232 rex
771 1163 909 1233 fatetur
937 1173 974 1234 et
992 1185 1125 1234 omnes
1151 1161 1221 1233 alii.
1275 1163 1376 1233 lnter
1507 1250 1508 1255 ἵ

281 1287 374 1361 quos
404 1262 596 1360 quingenti
617 1263 772 1357 barbati,
799 1263 977 1358 nongenti
1012 1263 1150 1358 galeati
1178 1285 1264 1332 cum
1293 1285 1377 1332 sev·
1507 1270 1509 1307 ἓ

281 1363 449 1436 centibus
469 1363 636 1459 ipsorum
656 1361 857 1434 auxiliariis
877 1363 1104 1458 ceciderunt,
1129 1361 1376 1459 quadraginta
1507 1441 1509 1446 ,

281 1476 318 1538 et
345 1487 389 1535 eo
420 1464 546 1561 plures
574 1464 712 1559 galeati
733 1487 779 1534 ex
798 1464 930 1560 quibus
957 1463 1068 1559 aliqui
1090 1462 1243 1556 barbati,
1263 1461 1375 1558 aliqui
1507 1483 1509 1541 ξ

281 1563 499 1661 stipendarii
525 1566 570 1635 de
599 1563 753 1635 remotis
781 1563 969 1660 partibus7
1005 1562 1117 1659 aliqui
1163 1562 1375 1657 Pomorani‚
1507 1549 1509 1566 '

281 1664 387 1737 Prusi
407 1674 593 1735 eteorum
613 1663 803 1760 terrigeno
831 1663 976 1735 nobiles
1003 1664 1111 1761 capti.
1154 1663 1255 1734 lnter
1279 1686 1374 1759 quos
1507 1689 1509 1736 τ

281 1764 431 1861 quidam
469 1762 601 1834 nobilis
644 1763 821 1861 princeps
862 1763 1013 1837 nomine
1046 1764 1124 1835 Rus
1173 1763 1210 1834 in
1246 1763 1373 1834 habitu
1507 1764 1509 1843 ἓ

281 1888 427 1959 eorum,
455 1867 499 1936 ad
526 1888 638 1960 quem
657 1863 714 1936 vis
740 1874 818 1937 tota
843 1864 929 1937 belli
952 1864 1102 1936 etillius
1121 1863 1374 1960 expedicionis

280 1965 502 2064 pertinebat,
529 1964 599 2036 fuit
625 1975 756 2061 captus
791 1975 828 2036 et
859 1965 896 2034 in
931 1965 1163 2059 Cracoviam,
1190 1964 1236 2035 ad
1262 1988 1376 2061 quam
1507 1966 1509 2033 ἑ

281 2091 366 2138 oum
395 2065 560 2137 exercitu
586 2065 715 2136 venire
740 2068 957 2161 conabatur,
984 2067 1163 2136 deductus
1192 2075 1252 2136 est
1276 2065 1374 2136 etin
1507 2066 1509 2157 j

280 2165 438 2238 vinculis
458 2169 642 2238 detentus.
679 2166 770 2238 Acta
790 2177 877 2237 suut
895 2166 968 2237 hec
986 2189 1083 2237 anno
1099 2165 1248 2237 Domini
1268 2168 1375 2238 1331.

280 2267 397 2364 Igitur
423 2277 464 2337 ut
496 2269 541 2337 ab
564 2265 737 2338 omnibus
767 2266 1017 2342 communiter
1036 2265 1097 2362 qui
1126 2264 1243 2363 prelio
1263 2265 1375 2337 inter·
1507 2262 1509 2276 ’

280 2368 433 2439 fuerunt
466 2365 693 2463 affirmatur,
721 2367 752 2438 si
771 2367 908 2464 ,plures
936 2369 983 2439 de
1015 2366 1326 2438 Cracoviensibus
1354 2390 1376 2436 a

280 2468 397 2565 preli-0
418 2470 518 2539 etde
538 2468 654 2564 prelio
675 2492 749 2538 non
769 2468 931 2540 fuissent
949 2469 994 2539 de
1013 2466 1160 2540 illorum
1185 2490 1305 2565 prope
1325 2472 1374 2541 40

280 2567 424 2641 milium
444 2592 648 2639 numerosa
675 2567 910 2640 multitudine
943 2568 1068 2649 nullus
1093 2566 1243 2666 penitus
1270 2567 1338 2638 auf
1359 2608 1374 2623 ·

281 2669 411 2766 gisset.
465 2667 565 2766 Sepe
585 2668 686 2740 enim
706 2669 825 2747 dictus
844 2668 1067 2740 Vincencius
1087 2680 1127 2740 ut
1145 2678 1261 2741 totam
1288 2692 1375 2739 con·

279 2770 461 2841 iacturam
489 2779 525 2841 et
557 2768 773 2866 opinionem
799 2769 967 2841 omnium
1003 2769 1143 2841 fraudis
1171 2793 1285 2866 quam
1312 2790 1377 2865 pe-

280 2894 349 2942 nes
370 2894 456 2941 eum
474 2874 729 2965 autumabant,
746 2893 905 2941 necnon
926 2880 963 2941 et
979 2880 1096 2942 totam
1117 2870 1374 2966 suspicionem

280 2971 449 3064 tolleret,
476 2970 557 3067 ipse
585 2971 724 3043 bellum
754 2994 838 3043 cum
872 2970 949 3043 suis
982 2970 1185 3065 inchoavit,
1220 2968 1375 3039 viriliter

280 3070 462 3168 pugnavit
482 3081 518 3142 et
537 3094 621 3141 cum
642 3070 793 3143 domino
812 3094 904 3168 rege
924 3081 959 3141 et
980 3070 1037 3142 sui
1056 3070 1164 3166 regni
1188 3070 1373 3141 nobilibus

280 3170 425 3241 fortiter
450 3172 649 3242 decertans
681 3171 882 3245 victoriose
916 3171 1035 3267 glorie
1066 3171 1298 3268 triumphum
1327 3171 1373 3240 de
1507 3233 1509 3250 ζ

281 3270 443 3345 barbatis
465 3280 502 3342 et
529 3294 659 3343 eorum
679 3272 880 3345 auxiliariis
904 3271 1063 3343 feliciter
1086 3270 1373 3369 representavit.

283 3370 507 3467 Ambiguum
540 3371 653 3467 igitur
683 3397 804 3469 penes
844 3373 981 3444 multos
1017 3382 1088 3466 est,
1124 3374 1221 3464 quod
1250 3371 1371 3442 dic-tus

280 3470 502 3544 Vincencius
522 3482 665 3545 tantam
684 3474 852 3544 fraudem
875 3483 1002 3544 ettam
1022 3474 1211 3544 crudelem
1228 3470 1374 3543 cladem

180 3621 182 3627 -
280 3597 348 3646 sue
368 3572 472 3669 genti
491 3572 626 3645 luisset
643 3574 807 3668 molitus,
824 3597 908 3644 oum
927 3572 964 3643 in
984 3582 1062 3644 tam
1081 3576 1196 3646 arduo
1216 3570 1374 3668 negocio

280 3684 318 3746 et
343 3674 451 3746 valde
480 3674 697 3747 necessario
725 3673 876 3745 Polouie
903 3697 1020 3769 regno
1048 3683 1194 3745 tantam
1213 3672 1374 3770 gloriam

279 3774 556 3871 inperpetuum
575 3777 792 3846 duraturam
808 3773 1014 3871 acquisivit.
1042 3775 1120 3846 Nec
1143 3775 1215 3846 hoc
1234 3783 1375 3870 preter-

280 3876 443 3945 eundum
471 3884 530 3945 est
557 3874 664 3971 quasi
697 3878 844 3947 nonde
873 3874 1018 3947 modico
1051 3873 1245 3968 miraculo,
1280 3874 1377 3969 quod
1507 3943 1509 3958 ,

281 3998 364 4046 cum
385 3984 440 4046 tot
457 3976 504 4046 de
522 3974 594 4046 illis
614 3974 769 4072 ruerint,
796 3979 841 4048 de
862 3975 1011 4048 Polonis
1031 3976 1268 4048 solummodo
1287 3977 1376 4058 duo·
1507 4021 1509 4026 -

281 4074 401 4147 decim
424 4074 565 4149 nobiles
586 4087 623 4148 et
636 4078 683 4148 de
698 4074 930 4174 simplicibus
945 4100 1064 4173 prope
1088 4079 1138 4151 30
1151 4075 1218 4147 viri
1234 4074 1378 4147 cecide·

282 4185 380 4270 runt,
399 4185 439 4247 ut
456 4175 608 4274 limpide
626 4200 880 4274 agnoscamus
895 4177 1015 4251 Deum
1036 4200 1121 4249 cum
1141 4176 1219 4249 suis
1236 4175 1378 4255 sanctis

283 4301 349 4375 pro
368 4275 460 4377 ipsis
476 4300 669 4373 pugnasse
688 4287 728 4350 ut
746 4276 783 4349 in
802 4277 896 4351 tanti
915 4277 1072 4377 prodigii
1087 4286 1376 4350 monumentum
