3050 4900
423 409 639 484 ANNALES
666 407 1041 485 MECHOVlENSES.
1082 476 1084 479 .
1190 413 1280 486 ,101

187 610 296 708 ravit,
330 620 369 683 et
397 609 535 683 ibidem
565 609 684 684 dictus
712 611 827 683 frater
851 609 1069 683 Marcissius
1099 631 1187 680 cum
1213 632 1284 681 sua

188 722 309 786 matre
324 709 437 783 nobili
453 714 499 783 de
513 711 799 784 Swevoronicze
814 710 1058 807 corporaliter
1070 709 1284 805 requiescit

266 814 373 886 1379.
407 810 556 884 siccitas
593 821 681 882 erat·
710 812 841 883 estatis
878 835 1017 907 magna
1053 809 1164 882 nimis
1199 809 1283 906 ipso

186 936 300 1008 anno,
319 934 497 983 mensura
513 910 671 1006 siliginis
688 913 858 984 solvebat
873 911 1034 984 mediam
1050 928 1284 1006 sexagenam

186 1035 420 1109 grossorum.
473 1013 615 1083 Eodem
641 1036 739 1083 anno
768 1011 860 1083 feria
886 1011 1054 1084 secunda
1079 1019 1169 1082 ante
1193 1033 1392 1108 pen-uuas

184 1115 386 1186 thecosten
412 1135 487 1182 una
513 1113 719 1184 ebdomada
755 1111 918 1184 ecclesia
956 1109 1169 1208 campanile
1197 1133 1283 1181 curn

184 1212 292 1287 bonis
330 1211 525 1309 campanis
563 1222 603 1284 et
636 1211 917 1307 dormitorium7
957 1215 1066 1284 stuba
1110 1211 1283 1307 fratrum,

184 1314 302 1385 multa
320 1310 466 1384 edificia
484 1312 522 1383 in
547 1311 800 1408 monasterio,
839 1311 965 1384 media
995 1334 1085 1409 pars
1122 1309 1283 1383 civitatis

187 1423 353 1484 cremata
382 1413 468 1507 fuit,
511 1411 573 1508 qui
599 1411 707 1508 ignis
745 1410 895 1484 civitate
927 1414 1082 1484 ardente
1113 1409 1150 1481 in
1183 1434 1284 1482 cam·

184 1513 310 1611 panile
330 1513 487 1584 veniens
513 1511 636 1609 ipsam
666 1512 870 1586 succendit.
948 1512 1089 1584 Eodem
1109 1533 1209 1581 anno
1230 1511 1279 1582 ci-

183 1613 280 1686 vitas
300 1611 515 1685 Radomske
547 1623 638 1706 tota,
664 1612 786 1685 eciam
806 1612 969 1684 ecclesia
988 1621 1026 1684 et
1054 1609 1126 1682 alie
1154 1608 1281 1682 civita-

98 1755 103 1757 ·
183 1725 242 1787 tes
263 1721 538 1785 cremaverunt.
622 1715 766 1786 Eodem
785 1711 949 1785 annoin
979 1736 1098 1808 regno
1126 1710 1280 1784 Polonie

184 1826 223 1887 et
240 1813 333 1886 alias
353 1825 524 1909 ternpore
543 1813 739 1910 autumpni
767 1837 907 1909 magna
937 1811 1076 1908 ingruit
1103 1811 1281 1908 pestilen-

182 1914 253 2010 εἰει,
270 1914 308 1985 in
328 1937 400 2010 qua
421 1911 523 1984 cives
542 1913 670 2008 plures
689 1914 979 1984 Mechovienses
999 1912 1180 1985 obierunt.

263 2017 369 2087 1377.
389 2012 564 2086 Czcuicus
584 2013 800 2111 prepositus
821 2037 963 2110 organa
995 2011 1032 2083 in
1049 2012 1163 2083 choro
1185 2009 1280 2081 ordi·

180 2113 293 2186 navit.
345 2115 487 2185 Eodem
502 2111 622 2185 eciam
639 2137 736 2185 anno
752 2137 851 2186 nova
864 2114 1028 2210 legenda
1046 2110 1277 2185 matutinalis

180 2215 304 2286 fuerat
322 2223 549 2309 comparata.

256 2317 363 2386 Anno
394 2313 545 2386 Domini
578 2317 685 2388 1384.
714 2339 784 2412 per
814 2317 994 2386 domnum
1022 2311 1277 2410 patriarcham

178 2413 521 2501 lerusolimitanum
553 2423 725 2512 ternpore
764 2413 1081 2512 quadragesimali
1115 2415 1276 2486 domnus

178 2517 308 2589 doctor
333 2514 545 2589 Stanislaus
573 2515 771 2609 Stoyconis
800 2516 845 2588 in'
864 2516 1102 2614 prepositura
1127 2514 1277 2586 lldecho·

177 2615 299 2689 viensi
318 2614 572 2688 confirmatus.
630 2618 771 2689 Eodem
791 2641 889 2689 anno
909 2616 945 2687 in
971 2614 1155 2688 dominica
1182 2613 1276 2687 lubi·
1299 2646 1351 2691 rm
1362 2642 1384 2693 1.

177 2717 253 2789 late
276 2718 391 2789 frater
409 2716 569 2788 Michael
601 2717 647 2788 de
678 2718 896 2803 Radomske
928 2718 973 2789 ad
993 2715 1162 2788 ordinem
1192 2739 1275 2787 sus·

180 2827 323 2914 ceptus.

252 2918 359 2988 Anno
368 2914 517 2987 Domini
531 2915 635 2989 1385.
651 2927 894 3013 prenarratus
904 2913 1274 3011 Mechoviensispre·

175 3016 322 3113 positus
337 3014 547 3089 Stanislaus
565 3017 802 3089 decretorum
821 3020 964 3112 doctor,
987 3018 1106 3089 frater
1124 3014 1276 3111 religio-

176 3140 256 3211 sus,
266 3114 457 3194 inchoavit
470 3140 621 3187 murare
631 3120 784 3190 domurn
798 3116 1272 3191 refectoriialundamento

174 3219 220 3290 ad
235 3236 440 3311 summum,
460 3240 481 3288 a
497 3216 697 3315 campanili
715 3217 904 3291 transiens
930 3241 1037 3290 muro
1057 3216 1200 3289 curiam
1217 3226 1273 3289 to-

172 3327 252 3389 tam
271 3316 526 3390 circumduxit.
619 3379 621 3384 ,

250 3417 491 3491 nnn01387.
527 3417 635 3492 villas
677 3417 909 3491 Pstrossicze
945 3428 983 3491 et
1007 3418 1270 3499 Brzuchanam

172 3514 211 3588 in
236 3516 491 3614 provisionem
517 3519 672 3591 fratrum
694 3519 998 3593 conventualium
1017 3517 1243 3618 preparavit.

253 3620 359 3691 1388.
384 3618 594 3713 orologium
621 3631 659 3693 et
686 3620 757 3692 duo
785 3620 1011 3693 ceroferaria
1037 3642 1106 3691 seu
1132 3620 1268 3691 cande·

141 3788 143 3792 .
172 3718 276 3790 labra
295 3727 456 3790 stannea
474 3743 542 3814 pro
563 3720 724 3793 ecclesia
743 3719 1000 3793 blechoviensi
1020 3719 1199 3792 ordinata.

248 3820 355 3893 1386.
381 3842 447 3890 rex
464 3819 673 3893 Vladislaus
692 3822 845 3893 Polonie
871 3845 956 3893 curn
984 3823 1128 3893 duobus
1157 3816 1268 3891 uteri·

170 3915 229 3991 nis
248 3918 422 3991 fratribus
450 3928 488 3993 et
518 3920 599 3993 aliis
627 3921 753 3994 multis
785 3921 1014 4020 principibus
1046 3929 1084 3991 et
1117 3918 1268 4014 boyaris

169 4017 347 4092 Litwanie
367 4020 524 4093 veniens
549 4021 769 4095 Cracoviarn
786 4022 900 4094 iidem
920 4020 1163 4095 christianam
1184 4044 1268 4092 sus·
1344 4084 1350 4097 .

173 4119 290 4217 cepit,
318 4120 503 4193 dominica
528 4123 617 4194 Esto
648 4122 736 4195 mihi
764 4125 984 4220 baptizatur,
1012 4132 1212 4196 coronatur
1230 4120 1269 4191 in

171 4242 331 4316 regnum
359 4222 526 4320 Polonie7
552 4221 733 4320 Hedvigis
762 4222 836 4297 fitia
861 4223 1038 4297 Lodovici
1065 4222 1169 4320 regis
1193 4220 1268 4293 Un-
