<?xml version="1.0" encoding="UTF-8"?>
<!DOCTYPE html PUBLIC "-//W3C//DTD XHTML 1.0 Transitional//EN"
    "http://www.w3.org/TR/xhtml1/DTD/xhtml1-transitional.dtd">
<html xmlns="http://www.w3.org/1999/xhtml" xml:lang="en" lang="en">
 <head>
  <title>
</title>
<meta http-equiv="Content-Type" content="text/html;charset=utf-8" />
  <meta name='ocr-system' content='tesseract 3.04.00' />
  <meta name='ocr-capabilities' content='ocr_page ocr_carea ocr_par ocr_line ocrx_word'/>
</head>
<body>
  <div class='ocr_page' id='page_1' title='image "annalespoloniae01roepgoog_0104.png"; bbox 0 0 3050 4900; ppageno 0'>
   <div class='ocr_carea' id='block_1_1' title="bbox 270 448 1214 526">
    <p class='ocr_par' dir='ltr' id='par_1_1' title="bbox 270 448 1214 526">
     <span class='ocr_line' id='line_1_1' title="bbox 270 448 1214 526; baseline 0 -1"><span class='ocrx_word' id='word_1_1' title='bbox 270 451 319 526; x_wconf 87' lang='grc'>86</span> <span class='ocrx_word' id='word_1_2' title='bbox 423 448 607 524; x_wconf 83' lang='lat' dir='ltr'>CONTlN.</span> <span class='ocrx_word' id='word_1_3' title='bbox 632 448 799 524; x_wconf 75' lang='lat' dir='ltr'>luunt.</span> <span class='ocrx_word' id='word_1_4' title='bbox 828 448 1119 525; x_wconf 85' lang='lat' dir='ltr'>POLONORUM</span> <span class='ocrx_word' id='word_1_5' title='bbox 1153 451 1214 526; x_wconf 86' lang='lat' dir='ltr'>lll.</span> 
     </span>
    </p>
   </div>
   <div class='ocr_carea' id='block_1_2' title="bbox 165 649 1514 2934">
    <p class='ocr_par' dir='ltr' id='par_1_2' title="bbox 165 649 1514 2934">
     <span class='ocr_line' id='line_1_2' title="bbox 272 649 1366 750; baseline 0.003 -27"><span class='ocrx_word' id='word_1_6' title='bbox 272 674 391 750; x_wconf 87' lang='lat' dir='ltr'>propo</span> <span class='ocrx_word' id='word_1_7' title='bbox 423 649 613 723; x_wconf 85' lang='lat' dir='ltr'>civitatem</span> <span class='ocrx_word' id='word_1_8' title='bbox 648 649 883 724; x_wconf 89' lang='lat' dir='ltr'>Danbrowno</span> <span class='ocrx_word' id='word_1_9' title='bbox 912 673 999 723; x_wconf 91' lang='lat' dir='ltr'>cum</span> <span class='ocrx_word' id='word_1_10' title='bbox 1032 651 1110 724; x_wconf 90' lang='lat' dir='ltr'>suis</span> <span class='ocrx_word' id='word_1_11' title='bbox 1138 651 1366 726; x_wconf 82' lang='lat' dir='ltr'>exercitibus</span> 
     </span>
     <span class='ocr_line' id='line_1_3' title="bbox 274 749 1369 848; baseline 0.001 -25"><span class='ocrx_word' id='word_1_12' title='bbox 274 751 418 824; x_wconf 86' lang='lat' dir='ltr'>intrans</span> <span class='ocrx_word' id='word_1_13' title='bbox 440 761 612 848; x_wconf 85' lang='lat' dir='ltr'>potenter</span> <span class='ocrx_word' id='word_1_14' title='bbox 627 759 769 822; x_wconf 86' lang='lat' dir='ltr'>terram</span> <span class='ocrx_word' id='word_1_15' title='bbox 786 749 1039 848; x_wconf 88' lang='lat' dir='ltr'>predictorum</span> <span class='ocrx_word' id='word_1_16' title='bbox 1064 753 1101 823; x_wconf 90' lang='lat' dir='ltr'>in</span> <span class='ocrx_word' id='word_1_17' title='bbox 1130 752 1190 824; x_wconf 89' lang='lat' dir='ltr'>die</span> <span class='ocrx_word' id='word_1_18' title='bbox 1219 763 1369 826; x_wconf 89' lang='lat' dir='ltr'>sancto·</span> 
     </span>
     <span class='ocr_line' id='line_1_4' title="bbox 165 850 1369 948; baseline 0.006 -31"><span class='ocrx_word' id='word_1_19' title='bbox 165 875 209 922; x_wconf 82' lang='lat' dir='ltr'>ru.</span> <span class='ocrx_word' id='word_1_20' title='bbox 229 871 265 922; x_wconf 73' lang='lat' dir='ltr'>aa.</span> <span class='ocrx_word' id='word_1_21' title='bbox 275 875 359 924; x_wconf 92' lang='lat' dir='ltr'>rum</span> <span class='ocrx_word' id='word_1_22' title='bbox 378 850 572 924; x_wconf 83' lang='lat' dir='ltr'>divisionis</span> <span class='ocrx_word' id='word_1_23' title='bbox 592 852 849 947; x_wconf 90' lang='lat' dir='ltr'>apostulorum</span> <span class='ocrx_word' id='word_1_24' title='bbox 864 851 1071 948; x_wconf 86' lang='lat' dir='ltr'>prostravit</span> <span class='ocrx_word' id='word_1_25' title='bbox 1090 863 1241 925; x_wconf 88' lang='lat' dir='ltr'>centum</span> <span class='ocrx_word' id='word_1_26' title='bbox 1262 877 1369 924; x_wconf 85' lang='lat' dir='ltr'>sexa·</span> 
     </span>
     <span class='ocr_line' id='line_1_5' title="bbox 275 950 1514 1050; baseline 0.001 -26"><span class='ocrx_word' id='word_1_27' title='bbox 275 952 379 1050; x_wconf 80' lang='lat' dir='ltr'>ginta</span> <span class='ocrx_word' id='word_1_28' title='bbox 421 950 520 1024; x_wconf 83' lang='lat' dir='ltr'>milia</span> <span class='ocrx_word' id='word_1_29' title='bbox 551 950 717 1023; x_wconf 91' lang='lat' dir='ltr'>virorum</span> <span class='ocrx_word' id='word_1_30' title='bbox 757 961 987 1024; x_wconf 89' lang='lat' dir='ltr'>armatorum</span> <span class='ocrx_word' id='word_1_31' title='bbox 1027 961 1064 1024; x_wconf 87' lang='lat' dir='ltr'>et</span> <span class='ocrx_word' id='word_1_32' title='bbox 1107 953 1371 1050; x_wconf 84' lang='lat' dir='ltr'>septingentos</span> <span class='ocrx_word' id='word_1_33' title='bbox 1512 1020 1514 1037; x_wconf 15' lang='grc' dir='ltr'><strong>ᾗ</strong></span> 
     </span>
     <span class='ocr_line' id='line_1_6' title="bbox 276 1044 1513 1151; baseline 0.002 -28"><span class='ocrx_word' id='word_1_34' title='bbox 276 1051 487 1150; x_wconf 90' lang='lat' dir='ltr'>quindecim</span> <span class='ocrx_word' id='word_1_35' title='bbox 506 1050 607 1124; x_wconf 91' lang='lat' dir='ltr'>viros</span> <span class='ocrx_word' id='word_1_36' title='bbox 623 1051 825 1149; x_wconf 87' lang='lat' dir='ltr'>prostravit</span> <span class='ocrx_word' id='word_1_37' title='bbox 840 1062 942 1124; x_wconf 87' lang='lat' dir='ltr'>certo</span> <span class='ocrx_word' id='word_1_38' title='bbox 958 1076 1026 1150; x_wconf 91' lang='lat' dir='ltr'>per</span> <span class='ocrx_word' id='word_1_39' title='bbox 1040 1051 1143 1149; x_wconf 88' lang='lat' dir='ltr'>ipsos</span> <span class='ocrx_word' id='word_1_40' title='bbox 1154 1057 1373 1151; x_wconf 88' lang='lat' dir='ltr'>approbata.</span> <span class='ocrx_word' id='word_1_41' title='bbox 1512 1044 1513 1077; x_wconf 68' lang='lat'><em>³</em></span> 
     </span>
     <span class='ocr_line' id='line_1_7' title="bbox 273 1151 1372 1249; baseline -0.001 -24"><span class='ocrx_word' id='word_1_42' title='bbox 273 1153 367 1225; x_wconf 88' lang='lat' dir='ltr'>ltem</span> <span class='ocrx_word' id='word_1_43' title='bbox 388 1152 530 1224; x_wconf 91' lang='lat' dir='ltr'>eisdem</span> <span class='ocrx_word' id='word_1_44' title='bbox 549 1152 782 1249; x_wconf 79' lang='lat' dir='ltr'>temporibus</span> <span class='ocrx_word' id='word_1_45' title='bbox 801 1151 899 1223; x_wconf 91' lang='lat' dir='ltr'>idem</span> <span class='ocrx_word' id='word_1_46' title='bbox 922 1177 988 1224; x_wconf 91' lang='lat' dir='ltr'>rex</span> <span class='ocrx_word' id='word_1_47' title='bbox 1013 1177 1099 1225; x_wconf 89' lang='lat' dir='ltr'>cum</span> <span class='ocrx_word' id='word_1_48' title='bbox 1114 1178 1184 1225; x_wconf 92' lang='lat' dir='ltr'>suo</span> <span class='ocrx_word' id='word_1_49' title='bbox 1205 1155 1372 1226; x_wconf 87' lang='lat' dir='ltr'>exercitu</span> 
     </span>
     <span class='ocr_line' id='line_1_8' title="bbox 275 1251 1404 1350; baseline 0.002 -26"><span class='ocrx_word' id='word_1_50' title='bbox 275 1253 371 1325; x_wconf 88' lang='lat' dir='ltr'>ultra</span> <span class='ocrx_word' id='word_1_51' title='bbox 387 1251 634 1350; x_wconf 81' lang='lat' dir='ltr'>progrediens</span> <span class='ocrx_word' id='word_1_52' title='bbox 651 1251 881 1349; x_wconf 83' lang='lat' dir='ltr'>expugnavit</span> <span class='ocrx_word' id='word_1_53' title='bbox 896 1262 933 1323; x_wconf 89' lang='lat' dir='ltr'>et</span> <span class='ocrx_word' id='word_1_54' title='bbox 946 1252 1112 1326; x_wconf 79' lang='lat' dir='ltr'>lucratus·</span> <span class='ocrx_word' id='word_1_55' title='bbox 1130 1264 1189 1326; x_wconf 89' lang='lat' dir='ltr'>est</span> <span class='ocrx_word' id='word_1_56' title='bbox 1215 1257 1373 1350; x_wconf 89' lang='lat' dir='ltr'>quadra·</span> <span class='ocrx_word' id='word_1_57' title='bbox 1401 1314 1404 1317; x_wconf 94' lang='lat'>.</span> 
     </span>
     <span class='ocr_line' id='line_1_9' title="bbox 276 1351 1373 1451; baseline 0.003 -27"><span class='ocrx_word' id='word_1_58' title='bbox 276 1352 379 1449; x_wconf 81' lang='lat' dir='ltr'>ginta</span> <span class='ocrx_word' id='word_1_59' title='bbox 399 1377 464 1426; x_wconf 84' lang='lat' dir='ltr'>sex</span> <span class='ocrx_word' id='word_1_60' title='bbox 484 1351 665 1424; x_wconf 85' lang='lat' dir='ltr'>fortalicia</span> <span class='ocrx_word' id='word_1_61' title='bbox 684 1351 858 1425; x_wconf 87' lang='lat' dir='ltr'>videlicet</span> <span class='ocrx_word' id='word_1_62' title='bbox 885 1362 923 1425; x_wconf 90' lang='lat' dir='ltr'>et</span> <span class='ocrx_word' id='word_1_63' title='bbox 947 1363 1070 1425; x_wconf 88' lang='lat' dir='ltr'>castra</span> <span class='ocrx_word' id='word_1_64' title='bbox 1099 1353 1268 1451; x_wconf 92' lang='lat' dir='ltr'>ipsorum</span> <span class='ocrx_word' id='word_1_65' title='bbox 1294 1378 1373 1427; x_wconf 90' lang='lat' dir='ltr'>me·</span> 
     </span>
     <span class='ocr_line' id='line_1_10' title="bbox 275 1451 1382 1550; baseline 0.001 -26"><span class='ocrx_word' id='word_1_66' title='bbox 275 1453 369 1526; x_wconf 88' lang='lat' dir='ltr'>liora</span> <span class='ocrx_word' id='word_1_67' title='bbox 404 1463 441 1526; x_wconf 90' lang='lat' dir='ltr'>et</span> <span class='ocrx_word' id='word_1_68' title='bbox 476 1451 751 1548; x_wconf 69' lang='lat' dir='ltr'>eminenciora‚</span> <span class='ocrx_word' id='word_1_69' title='bbox 791 1452 964 1524; x_wconf 89' lang='lat' dir='ltr'>videlicet</span> <span class='ocrx_word' id='word_1_70' title='bbox 998 1454 1170 1547; x_wconf 75' lang='lat' dir='ltr'>Thomu,</span> <span class='ocrx_word' id='word_1_71' title='bbox 1203 1454 1382 1550; x_wconf 44' lang='lat' dir='ltr'>Gdanslrp</span> 
     </span>
     <span class='ocr_line' id='line_1_11' title="bbox 276 1551 1514 1651; baseline -0.001 -25"><span class='ocrx_word' id='word_1_72' title='bbox 276 1551 457 1649; x_wconf 71' lang='lat' dir='ltr'>Helbink⁷</span> <span class='ocrx_word' id='word_1_73' title='bbox 500 1552 702 1626; x_wconf 87' lang='lat' dir='ltr'>Strosbark</span> <span class='ocrx_word' id='word_1_74' title='bbox 748 1551 841 1624; x_wconf 89' lang='lat' dir='ltr'>alias</span> <span class='ocrx_word' id='word_1_75' title='bbox 879 1553 1103 1648; x_wconf 69' lang='lat' dir='ltr'>Brodnicza‚</span> <span class='ocrx_word' id='word_1_76' title='bbox 1140 1555 1373 1651; x_wconf 75' lang='lat' dir='ltr'>Grudzandz,</span> <span class='ocrx_word' id='word_1_77' title='bbox 1512 1597 1514 1625; x_wconf 71' lang='lat'><em>÷</em></span> 
     </span>
     <span class='ocr_line' id='line_1_12' title="bbox 277 1651 1372 1751; baseline -0.002 -23"><span class='ocrx_word' id='word_1_78' title='bbox 277 1652 430 1749; x_wconf 71' lang='lat' dir='ltr'>Olanth‚</span> <span class='ocrx_word' id='word_1_79' title='bbox 460 1651 636 1747; x_wconf 62' lang='lat' dir='ltr'>ningo,</span> <span class='ocrx_word' id='word_1_80' title='bbox 665 1652 856 1724; x_wconf 87' lang='lat' dir='ltr'>civitatem</span> <span class='ocrx_word' id='word_1_81' title='bbox 874 1653 1138 1751; x_wconf 54' lang='lat' dir='ltr'>llllariembarlu</span> <span class='ocrx_word' id='word_1_82' title='bbox 1165 1655 1372 1728; x_wconf 87' lang='lat' dir='ltr'>Nescbawa</span> 
     </span>
     <span class='ocr_line' id='line_1_13' title="bbox 277 1750 924 1826; baseline 0 0"><span class='ocrx_word' id='word_1_83' title='bbox 277 1763 314 1826; x_wconf 88' lang='lat' dir='ltr'>et</span> <span class='ocrx_word' id='word_1_84' title='bbox 338 1756 383 1826; x_wconf 92' lang='lat' dir='ltr'>de</span> <span class='ocrx_word' id='word_1_85' title='bbox 403 1750 487 1825; x_wconf 87' lang='lat' dir='ltr'>aliis</span> <span class='ocrx_word' id='word_1_86' title='bbox 505 1751 660 1825; x_wconf 87' lang='lat' dir='ltr'>ulterius</span> <span class='ocrx_word' id='word_1_87' title='bbox 681 1750 924 1826; x_wconf 82' lang='lat' dir='ltr'>subticemus.</span> 
     </span>
     <span class='ocr_line' id='line_1_14' title="bbox 286 1851 1514 1952; baseline 0 -25"><span class='ocrx_word' id='word_1_88' title='bbox 286 1889 288 1894; x_wconf 96' lang='lat'>·</span> <span class='ocrx_word' id='word_1_89' title='bbox 355 1856 462 1927; x_wconf 86' lang='grc'><strong>1417.</strong></span> <span class='ocrx_word' id='word_1_90' title='bbox 485 1877 624 1949; x_wconf 78' lang='lat' dir='ltr'>magna</span> <span class='ocrx_word' id='word_1_91' title='bbox 645 1852 772 1925; x_wconf 83' lang='lat' dir='ltr'>clades</span> <span class='ocrx_word' id='word_1_92' title='bbox 793 1851 909 1925; x_wconf 87' lang='lat' dir='ltr'>oritur</span> <span class='ocrx_word' id='word_1_93' title='bbox 928 1852 965 1925; x_wconf 95' lang='lat' dir='ltr'>in</span> <span class='ocrx_word' id='word_1_94' title='bbox 987 1863 1087 1926; x_wconf 83' lang='lat' dir='ltr'>terra</span> <span class='ocrx_word' id='word_1_95' title='bbox 1101 1853 1255 1926; x_wconf 92' lang='lat' dir='ltr'>Polonie</span> <span class='ocrx_word' id='word_1_96' title='bbox 1274 1856 1374 1952; x_wconf 91' lang='lat' dir='ltr'>quod</span> <span class='ocrx_word' id='word_1_97' title='bbox 1512 1863 1514 1949; x_wconf 82' lang='lat'><em>}</em></span> 
     </span>
     <span class='ocr_line' id='line_1_15' title="bbox 276 1951 1513 2051; baseline -0.001 -25"><span class='ocrx_word' id='word_1_98' title='bbox 276 1978 393 2026; x_wconf 93' lang='lat' dir='ltr'>unum</span> <span class='ocrx_word' id='word_1_99' title='bbox 413 1955 607 2026; x_wconf 88' lang='lat' dir='ltr'>corethum</span> <span class='ocrx_word' id='word_1_100' title='bbox 629 1951 788 2050; x_wconf 81' lang='lat' dir='ltr'>siliginis</span> <span class='ocrx_word' id='word_1_101' title='bbox 807 1964 990 2051; x_wconf 80' lang='lat' dir='ltr'>pensatur</span> <span class='ocrx_word' id='word_1_102' title='bbox 1007 1977 1076 2051; x_wconf 93' lang='lat' dir='ltr'>per</span> <span class='ocrx_word' id='word_1_103' title='bbox 1096 1955 1141 2027; x_wconf 80' lang='lat'>12</span> <span class='ocrx_word' id='word_1_104' title='bbox 1157 1979 1315 2051; x_wconf 83' lang='lat' dir='ltr'>grossos</span> <span class='ocrx_word' id='word_1_105' title='bbox 1335 1963 1375 2027; x_wconf 87' lang='lat' dir='ltr'>et</span> <span class='ocrx_word' id='word_1_106' title='bbox 1512 1960 1513 2025; x_wconf 80' lang='grc' dir='ltr'>ἶ</span> 
     </span>
     <span class='ocr_line' id='line_1_16' title="bbox 275 2052 953 2151; baseline -0.003 -23"><span class='ocrx_word' id='word_1_107' title='bbox 275 2054 379 2151; x_wconf 72' lang='lat' dir='ltr'>citra,</span> <span class='ocrx_word' id='word_1_108' title='bbox 405 2052 568 2127; x_wconf 87' lang='lat' dir='ltr'>triticum</span> <span class='ocrx_word' id='word_1_109' title='bbox 587 2077 678 2125; x_wconf 88' lang='lat' dir='ltr'>vero</span> <span class='ocrx_word' id='word_1_110' title='bbox 696 2077 767 2150; x_wconf 91' lang='lat' dir='ltr'>per</span> <span class='ocrx_word' id='word_1_111' title='bbox 782 2058 807 2127; x_wconf 88' lang='lat'>8</span> <span class='ocrx_word' id='word_1_112' title='bbox 825 2053 953 2126; x_wconf 76' lang='lat' dir='ltr'>scotis,</span> 
     </span>
     <span class='ocr_line' id='line_1_17' title="bbox 236 2153 1373 2251; baseline -0.003 -23"><span class='ocrx_word' id='word_1_113' title='bbox 236 2180 239 2182; x_wconf 86' lang='lat'>·</span> <span class='ocrx_word' id='word_1_114' title='bbox 356 2158 463 2230; x_wconf 87' lang='grc'><strong>1419.</strong></span> <span class='ocrx_word' id='word_1_115' title='bbox 482 2155 636 2226; x_wconf 91' lang='lat' dir='ltr'>demum</span> <span class='ocrx_word' id='word_1_116' title='bbox 655 2153 827 2226; x_wconf 80' lang='lat' dir='ltr'>fertilitas</span> <span class='ocrx_word' id='word_1_117' title='bbox 847 2177 988 2251; x_wconf 82' lang='lat' dir='ltr'>magna</span> <span class='ocrx_word' id='word_1_118' title='bbox 1002 2153 1069 2226; x_wconf 85' lang='lat' dir='ltr'>luit</span> <span class='ocrx_word' id='word_1_119' title='bbox 1083 2153 1120 2224; x_wconf 93' lang='lat' dir='ltr'>in</span> <span class='ocrx_word' id='word_1_120' title='bbox 1135 2177 1254 2250; x_wconf 80' lang='lat' dir='ltr'>regno</span> <span class='ocrx_word' id='word_1_121' title='bbox 1268 2154 1373 2226; x_wconf 90' lang='lat' dir='ltr'>Polo·</span> 
     </span>
     <span class='ocr_line' id='line_1_18' title="bbox 276 2253 1373 2352; baseline 0.001 -26"><span class='ocrx_word' id='word_1_122' title='bbox 276 2253 338 2326; x_wconf 91' lang='lat' dir='ltr'>nie</span> <span class='ocrx_word' id='word_1_123' title='bbox 355 2253 452 2326; x_wconf 87' lang='lat' dir='ltr'>circa</span> <span class='ocrx_word' id='word_1_124' title='bbox 466 2264 607 2328; x_wconf 86' lang='lat' dir='ltr'>terram</span> <span class='ocrx_word' id='word_1_125' title='bbox 623 2253 858 2327; x_wconf 85' lang='lat' dir='ltr'>Sandomirie</span> <span class='ocrx_word' id='word_1_126' title='bbox 881 2264 919 2327; x_wconf 93' lang='lat' dir='ltr'>et</span> <span class='ocrx_word' id='word_1_127' title='bbox 940 2253 1185 2327; x_wconf 88' lang='lat' dir='ltr'>Lubliensem</span> <span class='ocrx_word' id='word_1_128' title='bbox 1204 2253 1254 2328; x_wconf 88' lang='lat' dir='ltr'>ita</span> <span class='ocrx_word' id='word_1_129' title='bbox 1274 2257 1373 2352; x_wconf 91' lang='lat' dir='ltr'>quod</span> 
     </span>
     <span class='ocr_line' id='line_1_19' title="bbox 275 2353 1260 2453; baseline 0.001 -27"><span class='ocrx_word' id='word_1_130' title='bbox 275 2379 392 2426; x_wconf 92' lang='lat' dir='ltr'>unum</span> <span class='ocrx_word' id='word_1_131' title='bbox 413 2363 582 2427; x_wconf 82' lang='lat' dir='ltr'>coretum</span> <span class='ocrx_word' id='word_1_132' title='bbox 602 2364 683 2426; x_wconf 87' lang='lat' dir='ltr'>erat</span> <span class='ocrx_word' id='word_1_133' title='bbox 701 2378 770 2452; x_wconf 90' lang='lat' dir='ltr'>per</span> <span class='ocrx_word' id='word_1_134' title='bbox 805 2378 872 2427; x_wconf 85' lang='lat' dir='ltr'>sex</span> <span class='ocrx_word' id='word_1_135' title='bbox 891 2353 1066 2428; x_wconf 86' lang='lat' dir='ltr'>denarios</span> <span class='ocrx_word' id='word_1_136' title='bbox 1086 2365 1123 2428; x_wconf 87' lang='lat' dir='ltr'>et</span> <span class='ocrx_word' id='word_1_137' title='bbox 1141 2378 1209 2453; x_wconf 90' lang='lat' dir='ltr'>per</span> <span class='ocrx_word' id='word_1_138' title='bbox 1226 2360 1260 2430; x_wconf 83' lang='lat'>8.</span> 
     </span>
     <span class='ocr_line' id='line_1_20' title="bbox 351 2454 1513 2553; baseline 0 -25"><span class='ocrx_word' id='word_1_139' title='bbox 351 2456 589 2531; x_wconf 81' lang='lat' dir='ltr'>Ann01415.</span> <span class='ocrx_word' id='word_1_140' title='bbox 617 2480 738 2528; x_wconf 88' lang='lat' dir='ltr'>annus</span> <span class='ocrx_word' id='word_1_141' title='bbox 766 2454 987 2553; x_wconf 86' lang='lat' dir='ltr'>pluvinosus</span> <span class='ocrx_word' id='word_1_142' title='bbox 1010 2455 1050 2544; x_wconf 91' lang='lat' dir='ltr'>in</span> <span class='ocrx_word' id='word_1_143' title='bbox 1076 2456 1188 2529; x_wconf 88' lang='lat' dir='ltr'>terris</span> <span class='ocrx_word' id='word_1_144' title='bbox 1221 2454 1374 2528; x_wconf 83' lang='lat' dir='ltr'>Polonie</span> <span class='ocrx_word' id='word_1_145' title='bbox 1512 2475 1513 2500; x_wconf 85' lang='lat'>³</span> 
     </span>
     <span class='ocr_line' id='line_1_21' title="bbox 278 2554 1375 2653; baseline 0 -26"><span class='ocrx_word' id='word_1_146' title='bbox 278 2565 316 2627; x_wconf 85' lang='lat' dir='ltr'>et</span> <span class='ocrx_word' id='word_1_147' title='bbox 333 2556 469 2629; x_wconf 89' lang='lat' dir='ltr'>Russie</span> <span class='ocrx_word' id='word_1_148' title='bbox 488 2555 662 2628; x_wconf 84' lang='lat' dir='ltr'>extiterat</span> <span class='ocrx_word' id='word_1_149' title='bbox 680 2556 729 2628; x_wconf 84' lang='lat' dir='ltr'>ita</span> <span class='ocrx_word' id='word_1_150' title='bbox 743 2559 840 2652; x_wconf 90' lang='lat' dir='ltr'>quod</span> <span class='ocrx_word' id='word_1_151' title='bbox 860 2556 991 2653; x_wconf 83' lang='lat' dir='ltr'>fruges</span> <span class='ocrx_word' id='word_1_152' title='bbox 1009 2567 1110 2629; x_wconf 85' lang='lat' dir='ltr'>terre</span> <span class='ocrx_word' id='word_1_153' title='bbox 1124 2554 1280 2628; x_wconf 89' lang='lat' dir='ltr'>minime</span> <span class='ocrx_word' id='word_1_154' title='bbox 1294 2578 1375 2627; x_wconf 89' lang='lat' dir='ltr'>me-</span> 
     </span>
     <span class='ocr_line' id='line_1_22' title="bbox 277 2652 1374 2755; baseline 0.001 -27"><span class='ocrx_word' id='word_1_155' title='bbox 277 2664 358 2729; x_wconf 88' lang='lat' dir='ltr'>tere</span> <span class='ocrx_word' id='word_1_156' title='bbox 382 2665 599 2755; x_wconf 70' lang='lat' dir='ltr'>potuerunt,</span> <span class='ocrx_word' id='word_1_157' title='bbox 626 2652 724 2754; x_wconf 87' lang='lat' dir='ltr'>quod</span> <span class='ocrx_word' id='word_1_158' title='bbox 749 2680 820 2753; x_wconf 89' lang='lat' dir='ltr'>per</span> <span class='ocrx_word' id='word_1_159' title='bbox 843 2680 956 2753; x_wconf 83' lang='lat' dir='ltr'>agros</span> <span class='ocrx_word' id='word_1_160' title='bbox 985 2656 1190 2729; x_wconf 90' lang='lat' dir='ltr'>culturinos</span> <span class='ocrx_word' id='word_1_161' title='bbox 1210 2679 1308 2753; x_wconf 87' lang='lat' dir='ltr'>aqua</span> <span class='ocrx_word' id='word_1_162' title='bbox 1326 2658 1374 2729; x_wconf 91' lang='lat' dir='ltr'>ad</span> 
     </span>
     <span class='ocr_line' id='line_1_23' title="bbox 276 2754 1514 2856; baseline 0.001 -28"><span class='ocrx_word' id='word_1_163' title='bbox 276 2754 395 2830; x_wconf 90' lang='lat' dir='ltr'>instar</span> <span class='ocrx_word' id='word_1_164' title='bbox 411 2754 597 2856; x_wconf 87' lang='lat' dir='ltr'>paludinis</span> <span class='ocrx_word' id='word_1_165' title='bbox 622 2780 692 2854; x_wconf 90' lang='lat' dir='ltr'>per</span> <span class='ocrx_word' id='word_1_166' title='bbox 714 2756 862 2854; x_wconf 89' lang='lat' dir='ltr'>pluvias</span> <span class='ocrx_word' id='word_1_167' title='bbox 887 2755 1024 2831; x_wconf 89' lang='lat' dir='ltr'>nimias</span> <span class='ocrx_word' id='word_1_168' title='bbox 1050 2758 1312 2831; x_wconf 84' lang='lat' dir='ltr'>continebatur</span> <span class='ocrx_word' id='word_1_169' title='bbox 1337 2764 1379 2829; x_wconf 85' lang='lat' dir='ltr'>et</span> <span class='ocrx_word' id='word_1_170' title='bbox 1512 2811 1514 2819; x_wconf 25' lang='lat' dir='ltr'>a</span> 
     </span>
     <span class='ocr_line' id='line_1_24' title="bbox 278 2856 778 2934; baseline -0.002 -4"><span class='ocrx_word' id='word_1_171' title='bbox 278 2866 348 2931; x_wconf 80' lang='lat' dir='ltr'>cet.</span> <span class='ocrx_word' id='word_1_172' title='bbox 383 2859 424 2931; x_wconf 91' lang='lat' dir='ltr'>ln</span> <span class='ocrx_word' id='word_1_173' title='bbox 443 2856 629 2934; x_wconf 86' lang='lat' dir='ltr'>Sczitelko</span> <span class='ocrx_word' id='word_1_174' title='bbox 649 2911 778 2931; x_wconf 92' lang='grc'><strong>......</strong></span> 
     </span>
    </p>
   </div>
   <div class='ocr_carea' id='block_1_3' title="bbox 393 3308 1248 3411">
    <p class='ocr_par' dir='ltr' id='par_1_3' title="bbox 393 3308 1248 3411">
     <span class='ocr_line' id='line_1_25' title="bbox 393 3308 1248 3411; baseline 0.004 -30"><span class='ocrx_word' id='word_1_175' title='bbox 393 3308 552 3385; x_wconf 82' lang='lat' dir='ltr'><strong>NOTAE</strong></span> <span class='ocrx_word' id='word_1_176' title='bbox 579 3310 900 3411; x_wconf 83' lang='lat' dir='ltr'>LUBLlNENSES</span> <span class='ocrx_word' id='word_1_177' title='bbox 928 3311 990 3385; x_wconf 83' lang='lat' dir='ltr'>EX</span> <span class='ocrx_word' id='word_1_178' title='bbox 1016 3310 1188 3385; x_wconf 78' lang='lat' dir='ltr'>coutet</span> <span class='ocrx_word' id='word_1_179' title='bbox 1216 3314 1248 3385; x_wconf 85' lang='lat'>3.</span> 
     </span>
    </p>
   </div>
   <div class='ocr_carea' id='block_1_4' title="bbox 275 3445 1514 4323">
    <p class='ocr_par' dir='ltr' id='par_1_4' title="bbox 275 3445 1514 4323">
     <span class='ocr_line' id='line_1_26' title="bbox 352 3445 1377 3545; baseline 0.004 -28"><span class='ocrx_word' id='word_1_180' title='bbox 352 3445 459 3517; x_wconf 84' lang='lat' dir='ltr'>llnno</span> <span class='ocrx_word' id='word_1_181' title='bbox 480 3446 628 3519; x_wconf 89' lang='lat' dir='ltr'>Domini</span> <span class='ocrx_word' id='word_1_182' title='bbox 650 3450 761 3544; x_wconf 69' lang='grc'>14567</span> <span class='ocrx_word' id='word_1_183' title='bbox 788 3458 960 3545; x_wconf 89' lang='lat' dir='ltr'>tempore</span> <span class='ocrx_word' id='word_1_184' title='bbox 978 3447 1080 3544; x_wconf 81' lang='lat' dir='ltr'>regis</span> <span class='ocrx_word' id='word_1_185' title='bbox 1099 3448 1300 3541; x_wconf 76' lang='lat' dir='ltr'>Kazymiri,</span> <span class='ocrx_word' id='word_1_186' title='bbox 1319 3472 1377 3521; x_wconf 89' lang='lat' dir='ltr'>re-</span> 
     </span>
     <span class='ocr_line' id='line_1_27' title="bbox 276 3541 1374 3642; baseline 0.002 -25"><span class='ocrx_word' id='word_1_187' title='bbox 276 3541 335 3642; x_wconf 83' lang='lat' dir='ltr'>gis</span> <span class='ocrx_word' id='word_1_188' title='bbox 363 3545 529 3640; x_wconf 79' lang='lat' dir='ltr'>Polonie,</span> <span class='ocrx_word' id='word_1_189' title='bbox 545 3547 678 3619; x_wconf 87' lang='lat' dir='ltr'>fratres</span> <span class='ocrx_word' id='word_1_190' title='bbox 695 3548 815 3620; x_wconf 89' lang='lat' dir='ltr'>sancti</span> <span class='ocrx_word' id='word_1_191' title='bbox 829 3547 1032 3642; x_wconf 74' lang='lat' dir='ltr'>Francisci‚</span> <span class='ocrx_word' id='word_1_192' title='bbox 1058 3548 1197 3621; x_wconf 88' lang='lat' dir='ltr'>ordinis</span> <span class='ocrx_word' id='word_1_193' title='bbox 1216 3548 1374 3620; x_wconf 83' lang='lat' dir='ltr'>fratrum</span> 
     </span>
     <span class='ocr_line' id='line_1_28' title="bbox 277 3647 1373 3745; baseline -0.001 -25"><span class='ocrx_word' id='word_1_194' title='bbox 277 3649 323 3720; x_wconf 91' lang='lat' dir='ltr'>de</span> <span class='ocrx_word' id='word_1_195' title='bbox 343 3670 432 3719; x_wconf 91' lang='lat' dir='ltr'>vera</span> <span class='ocrx_word' id='word_1_196' title='bbox 452 3647 712 3742; x_wconf 74' lang='lat' dir='ltr'>observancia,</span> <span class='ocrx_word' id='word_1_197' title='bbox 730 3658 956 3745; x_wconf 88' lang='lat' dir='ltr'>receperunt</span> <span class='ocrx_word' id='word_1_198' title='bbox 971 3649 1094 3720; x_wconf 91' lang='lat' dir='ltr'>locum</span> <span class='ocrx_word' id='word_1_199' title='bbox 1112 3658 1149 3721; x_wconf 93' lang='lat' dir='ltr'>et</span> <span class='ocrx_word' id='word_1_200' title='bbox 1167 3648 1373 3721; x_wconf 87' lang='lat' dir='ltr'>claustrum</span> 
     </span>
     <span class='ocr_line' id='line_1_29' title="bbox 276 3746 1514 3842; baseline 0 -23"><span class='ocrx_word' id='word_1_201' title='bbox 276 3746 313 3819; x_wconf 90' lang='lat' dir='ltr'>in</span> <span class='ocrx_word' id='word_1_202' title='bbox 326 3746 468 3842; x_wconf 81' lang='lat' dir='ltr'>Lublyn</span> <span class='ocrx_word' id='word_1_203' title='bbox 485 3759 588 3821; x_wconf 84' lang='lat' dir='ltr'>extra</span> <span class='ocrx_word' id='word_1_204' title='bbox 605 3772 744 3821; x_wconf 90' lang='lat' dir='ltr'>muros.</span> <span class='ocrx_word' id='word_1_205' title='bbox 796 3748 979 3821; x_wconf 89' lang='lat' dir='ltr'>Dominus</span> <span class='ocrx_word' id='word_1_206' title='bbox 993 3749 1178 3842; x_wconf 87' lang='lat' dir='ltr'>Kyerstan</span> <span class='ocrx_word' id='word_1_207' title='bbox 1200 3760 1238 3821; x_wconf 92' lang='lat' dir='ltr'>et</span> <span class='ocrx_word' id='word_1_208' title='bbox 1250 3749 1375 3842; x_wconf 87' lang='lat' dir='ltr'>Kuny-</span> <span class='ocrx_word' id='word_1_209' title='bbox 1512 3757 1514 3784; x_wconf 85' lang='lat'><strong>¹</strong></span> 
     </span>
     <span class='ocr_line' id='line_1_30' title="bbox 275 3847 1514 3945; baseline 0.002 -28"><span class='ocrx_word' id='word_1_210' title='bbox 275 3869 375 3943; x_wconf 82' lang='lat' dir='ltr'>noga</span> <span class='ocrx_word' id='word_1_211' title='bbox 395 3848 572 3921; x_wconf 90' lang='lat' dir='ltr'>consules</span> <span class='ocrx_word' id='word_1_212' title='bbox 592 3847 751 3921; x_wconf 84' lang='lat' dir='ltr'>civitatis</span> <span class='ocrx_word' id='word_1_213' title='bbox 771 3848 937 3945; x_wconf 86' lang='lat' dir='ltr'>predicte</span> <span class='ocrx_word' id='word_1_214' title='bbox 957 3851 1139 3921; x_wconf 92' lang='lat' dir='ltr'>dederunt</span> <span class='ocrx_word' id='word_1_215' title='bbox 1160 3860 1263 3922; x_wconf 89' lang='lat' dir='ltr'>ortus</span> <span class='ocrx_word' id='word_1_216' title='bbox 1284 3871 1375 3922; x_wconf 91' lang='lat' dir='ltr'>suos</span> <span class='ocrx_word' id='word_1_217' title='bbox 1512 3869 1514 3884; x_wconf 74' lang='lat'>²</span> 
     </span>
     <span class='ocr_line' id='line_1_31' title="bbox 276 3946 1514 4045; baseline 0.004 -28"><span class='ocrx_word' id='word_1_218' title='bbox 276 3946 451 4019; x_wconf 86' lang='lat' dir='ltr'>fratribus</span> <span class='ocrx_word' id='word_1_219' title='bbox 472 3972 538 4045; x_wconf 90' lang='lat' dir='ltr'>pro</span> <span class='ocrx_word' id='word_1_220' title='bbox 573 3947 734 4021; x_wconf 88' lang='lat' dir='ltr'>ecclesia</span> <span class='ocrx_word' id='word_1_221' title='bbox 761 3952 1013 4021; x_wconf 87' lang='lat' dir='ltr'>construenda</span> <span class='ocrx_word' id='word_1_222' title='bbox 1042 3959 1079 4021; x_wconf 88' lang='lat' dir='ltr'>et</span> <span class='ocrx_word' id='word_1_223' title='bbox 1102 3949 1275 4021; x_wconf 86' lang='lat' dir='ltr'>claustro.</span> <span class='ocrx_word' id='word_1_224' title='bbox 1344 3950 1377 4021; x_wconf 88' lang='lat' dir='ltr'><strong>A</strong></span> <span class='ocrx_word' id='word_1_225' title='bbox 1512 3962 1514 3985; x_wconf 43' lang='lat' dir='ltr'>t</span> 
     </span>
     <span class='ocr_line' id='line_1_32' title="bbox 276 4045 1375 4144; baseline 0.005 -28"><span class='ocrx_word' id='word_1_226' title='bbox 276 4045 456 4144; x_wconf 89' lang='lat' dir='ltr'>principio</span> <span class='ocrx_word' id='word_1_227' title='bbox 471 4047 698 4121; x_wconf 84' lang='lat' dir='ltr'>fundationis</span> <span class='ocrx_word' id='word_1_228' title='bbox 715 4072 784 4122; x_wconf 92' lang='lat' dir='ltr'>sue</span> <span class='ocrx_word' id='word_1_229' title='bbox 799 4050 935 4122; x_wconf 86' lang='lat' dir='ltr'>fratres</span> <span class='ocrx_word' id='word_1_230' title='bbox 946 4050 1157 4123; x_wconf 88' lang='lat' dir='ltr'>habuerunt</span> <span class='ocrx_word' id='word_1_231' title='bbox 1172 4048 1375 4123; x_wconf 89' lang='lat' dir='ltr'>ecclesiam</span> 
     </span>
     <span class='ocr_line' id='line_1_33' title="bbox 276 4146 1373 4247; baseline 0.005 -30"><span class='ocrx_word' id='word_1_232' title='bbox 276 4146 375 4219; x_wconf 90' lang='lat' dir='ltr'>inter</span> <span class='ocrx_word' id='word_1_233' title='bbox 394 4151 527 4221; x_wconf 86' lang='lat' dir='ltr'>robora</span> <span class='ocrx_word' id='word_1_234' title='bbox 547 4147 726 4246; x_wconf 89' lang='lat' dir='ltr'>quercina</span> <span class='ocrx_word' id='word_1_235' title='bbox 744 4159 943 4222; x_wconf 90' lang='lat' dir='ltr'>muratam.</span> <span class='ocrx_word' id='word_1_236' title='bbox 997 4151 1101 4222; x_wconf 88' lang='lat' dir='ltr'>Tunc</span> <span class='ocrx_word' id='word_1_237' title='bbox 1118 4148 1182 4222; x_wconf 89' lang='lat' dir='ltr'>illo</span> <span class='ocrx_word' id='word_1_238' title='bbox 1200 4160 1373 4247; x_wconf 87' lang='lat' dir='ltr'>tempore</span> 
     </span>
     <span class='ocr_line' id='line_1_34' title="bbox 278 4247 1514 4323; baseline 0.004 -4"><span class='ocrx_word' id='word_1_239' title='bbox 278 4247 402 4322; x_wconf 91' lang='lat' dir='ltr'>nullus</span> <span class='ocrx_word' id='word_1_240' title='bbox 431 4248 615 4323; x_wconf 84' lang='lat' dir='ltr'>secularis</span> <span class='ocrx_word' id='word_1_241' title='bbox 651 4248 766 4323; x_wconf 92' lang='lat' dir='ltr'>homo</span> <span class='ocrx_word' id='word_1_242' title='bbox 801 4249 870 4322; x_wconf 86' lang='lat' dir='ltr'>fuit</span> <span class='ocrx_word' id='word_1_243' title='bbox 900 4250 938 4323; x_wconf 92' lang='lat' dir='ltr'>in</span> <span class='ocrx_word' id='word_1_244' title='bbox 974 4251 1138 4323; x_wconf 87' lang='lat' dir='ltr'>claustro</span> <span class='ocrx_word' id='word_1_245' title='bbox 1176 4261 1213 4323; x_wconf 89' lang='lat' dir='ltr'>et</span> <span class='ocrx_word' id='word_1_246' title='bbox 1247 4250 1373 4323; x_wconf 88' lang='lat' dir='ltr'>nullus</span> <span class='ocrx_word' id='word_1_247' title='bbox 1512 4285 1514 4288; x_wconf 96' lang='lat'>·</span> 
     </span>
    </p>
   </div>
   <div class='ocr_carea' id='block_1_5' title="bbox 0 0 1533 4900">
    <p class='ocr_par' dir='ltr' id='par_1_5' title="bbox 0 0 1533 4900">
     <span class='ocr_line' id='line_1_35' title="bbox 0 0 1533 4900; baseline 0 0"><span class='ocrx_word' id='word_1_248' title='bbox 0 0 1533 4900; x_wconf 95' lang='lat' dir='ltr'> </span> 
     </span>
    </p>
   </div>
  </div>
 </body>
</html>
