3050 4900
285 449 333 522 46
562 449 779 525 ANNALES
805 450 1109 526 POLONORUM.

285 671 396 744 acque
415 672 460 719 oc
477 657 676 745 sequentem
699 655 754 744 11,
775 652 929 724 editores
948 652 1206 726 Chronicarum
1225 652 1377 726 Poloao·

160 835 163 840 ‚
284 771 426 843 norum,
445 772 558 842 supra
578 749 644 821 88.
666 751 701 822 Τ.
720 751 781 822 lX.
795 777 833 845 p.
852 754 921 825 421
945 753 1076 844 11422,
1096 776 1247 848 qnorum
1268 755 1377 824 verta
1513 808 1515 823 .

284 849 340 920 hic
365 855 520 941 repetere
547 851 582 918 ia
609 851 730 920 crnirno
756 874 829 922 nou
854 859 916 923 est.
957 850 1129 924 Arndtius
1162 851 1377 924 Warsaoiae

286 948 436 1020 annales
455 948 611 1020 contulit.

362 1047 426 1140 la)
446 1046 502 1118 Ee
519 1071 589 1118 uno
609 1046 798 1143 eodemque
821 1049 920 1133 fonte
939 1075 984 1120 uc
1002 1051 1117 1121 codes
1145 1058 1160 1122 1
1190 1054 1295 1136 decrit
1318 1077 1380 1122 co·

284 1149 352 1220 dea
379 1147 600 1219 Pulnaieasis
622 1150 821 1241 principum
852 1150 1200 1244 Czartorysciorum,
1235 1175 1279 1222 ec
1306 1176 1375 1246 quo
1513 1206 1514 1211 η

285 1249 481 1338 descriptos
496 1247 646 1318 annales
660 1249 762 1320 nohis
777 1250 870 1319 misit
880 1249 922 1320 el.
937 1273 969 1322 1.
982 1250 1162 1344 dupuslus
1178 1251 1376 1344 Bieloeoshi,

284 1347 533 1440 Leopaliensis.

359 1445 567 1520 Notandum
588 1445 740 1518 annales
759 1446 958 1519 vindicatos
974 1449 1085 1531 luisse
1113 1473 1136 1518 a
1154 1449 1240 1519 airis
1263 1449 1377 1521 doctis

283 1547 460 1618 Palanicis
488 1545 665 1616 Thrathae
687 1547 740 1617 uel
756 1545 939 1618 thrashae
956 1547 1111 1640 cuidam,
1132 1572 1237 1642 quum
1256 1552 1292 1619 in
1308 1554 1377 1635 fine

282 1649 465 1740 utriusque
483 1645 627 1736 codicis,
647 1651 821 1715 enarrata
841 1647 929 1718 hello
949 1649 1043 1741 repis
1055 1647 1230 1718 Kazirniri
1247 1655 1377 1721 contra

281 1745 462 1818 Ruthenos
478 1743 568 1816 haec
579 1745 687 1814 acrba
706 1744 891 1838 lepontur:
911 1746 1074 1817 Thratka
1092 1749 1169 1839 (ta.
1185 1747 1375 1842 Thraska)

283 1844 403 1918 eciam
427 1843 494 1914 fuit
518 1843 672 1938 ibidem,
691 1845 755 1916 311
780 1847 959 1939 quomodo
976 1846 1066 1919 hoec
1080 1848 1243 1941 prodant
1259 1872 1374 1920 anna·

283 1947 367 2018 lium
394 1951 590 2036 auctorem,
609 1945 799 2015 nescimus.

357 2045 403 2116 ll.
423 2043 465 2140 2)
482 2044 595 2116 codec
615 2043 751 2115 archivi
768 2047 857 2138 repii
868 2044 1144 2140 Repiomontani
1161 2045 1202 2117 B.
1225 2046 1285 2139 26,
1317 2047 1377 2116 uhi

284 2145 435 2218 annales
453 2147 524 2216 tria
543 2143 683 2236 cupient
698 2143 789 2228 folio
809 2145 944 2216 ultima.
962 2146 1138 2242 „Continet
1155 2145 1270 2217 codec
1287 2149 1378 2217 inter

237 2327 239 2330 ,
283 2246 357 2316 alia
377 2248 483 2316 etiam
509 2243 783 2316 translationem
807 2245 972 2338 Wiqandi
994 2245 1038 2316 de
1055 2243 1251 2340 lllarhurp,
1278 2249 1378 2317 iussu

281 2343 454 2420 Iohannis
473 2343 644 2438 Dlupossi
662 2367 684 2413 a
704 2343 832 2414 clerico
851 2345 1007 2437 qrrodam
1024 2352 1108 2437 post
1124 2369 1257 2416 annum
1281 2347 1377 2418 1464
1509 2347 1515 2404 ι’

284 2447 494 2537 institutam,
513 2443 581 2517 hoc
607 2445 697 2515 enim
725 2467 821 2515 cinno
846 2442 1046 2538 Dlapossus
1075 2445 1291 2541 Thoruniae,
1317 2445 1379 2517 uhi

283 2546 397 2616 codec
407 2547 560 2636 scriptus
574 2550 636 2637 est,
654 2567 729 2614 una
744 2566 823 2614 cum
838 2548 962 2616 ceteris
980 2546 1108 2639 lepatis
1122 2546 1165 2617 de
1176 2570 1267 2639 pace
1282 2548 1375 2618 inter

283 2644 758 2717 ordinem-Theutonicorum
781 2646 938 2727 tralrum
964 2652 997 2716 et
1013 2645 1228 2718 Polonorum
1257 2669 1376 2741 repam

282 2749 492 2837 tractantes,
520 2749 681 2815 versatus
701 2748 754 2817 131
771 2741 838 2837 (cf.
858 2742 924 2814 88.
943 2766 1012 2815 rer.
1039 2744 1162 2817 Pruss.
1179 2746 1208 2837 I,
1228 2747 1312 2818 665.
1328 2745 1376 2837 ΙΙ,

284 2843 402 2940 436),
429 2850 523 2916 1111
547 2867 589 2915 ec
613 2866 679 2915 suo
707 2866 807 2914 ruore
825 2867 964 2937 semper
981 2844 1154 2917 historiae
1179 2848 1298 2929 tontes
1324 2847 1376 2915 in·
1478 2879 1487 2895 ν

283 2944 503 3039 uestiqahat,
529 2944 651 3015 incidit
669 2945 775 3014 etiam
794 2945 831 3013 iu
855 2943 1021 3039 Wipandi
1046 2944 1252 3036 chronicon,
1271 2944 1376 3039 idque
1513 3001 1515 3052 t

284 3045 335 3116 ad
357 3067 461 3115 usum
484 3067 587 3115 suum
613 3049 734 3135 aptam
758 3044 836 3128 fieri
861 3046 1011 3115 curauit.
1056 3044 1129 3116 Sed
1155 3045 1276 3115 scriha
1303 3045 1377 3113 siue
1513 3067 1515 3078 ²

281 3143 483 3215 translator
501 3142 567 3213 hoc
585 3166 656 3215 non
674 3148 869 3235 contentus,
897 3143 1079 3237 dilipentia
1096 3166 1165 3214 sua
1192 3145 1319 3234 effecit,
1338 3150 1378 3215 11

279 3242 388 3335 plura
406 3244 441 3313 in
460 3266 567 3314 unum
586 3242 767 3336 colliperet
782 3266 895 3334 opera
911 3243 1082 3315 historica
1099 3246 1210 3337 iisque
1234 3242 1376 3313 demum

283 3342 493 3437 odiunp'eret
511 3342 662 3414 arrnales
678 3340 895 3435 praedictos.
939 3344 1037 3415 Certe
1062 3342 1129 3414 hos
1154 3364 1250 3412 anno
1279 3342 1376 3415 1466

282 3442 337 3515 ael
347 3442 462 3537 paulo
479 3449 564 3535 post
581 3442 777 3535 descripsit,
797 3466 903 3536 quum
923 3441 973 3513 ad
990 3442 1197 3515 relationem
1217 3465 1265 3511 a..
1280 3442 1376 3514 1312

283 3541 411 3639 (immo
434 3542 548 3637 1269)
569 3543 612 3615 11
629 3542 862 3614 inundatione
887 3540 1015 3614 Wislae
1036 3544 1131 3625 ttuoii
1158 3546 1376 3613 tractantem

280 3644 390 3715 verta
400 3642 567 3715 adderet:
584 3640 761 3715 Similiter
775 3665 873 3712 anno
892 3642 987 3714 1466
996 3650 1083 3713 ante
1093 3641 1244 3712 Thorun
1255 3639 1376 3713 valde.

281 3742 464 3816 Annorum
475 3744 614 3815 numeri
631 3744 729 3813 initia
748 3743 834 3813 hene
844 3742 1118 3834 concordantes,
1126 3748 1256 3836 posta.
1275 3740 1371 3813 1162

281 3850 420 3915 tantum
440 3842 636 3916 ohscedunt
654 3867 677 3914 a
696 3844 807 3934 iustis,
827 3848 876 3935 11,
895 3844 926 3913 31
943 3865 1014 3913 uon
1031 3843 1126 3926 felici
1151 3848 1248 3914 sorte
1272 3840 1375 3913 nohis
1513 3899 1515 3916 2

281 3946 486 4039 conticisset
511 3944 651 4015 codices
668 3942 957 4035 Petropolitanos
974 3944 1011 4013 in
1028 3949 1211 4014 certamen
1228 3963 1374 4030 uocare5
1513 4029 1515 4036 Ι

282 4044 414 4115 nullum
432 4046 508 4129 fere
525 4046 682 4128 fructum
701 4066 743 4112 eo
760 4041 882 4114 codice
899 4042 959 4113 illo
985 4043 1209 4135 cepissemus.
1247 4039 1376 4114 Codice

281 4144 488 4216 Berolinum
505 4146 614 4215 missa
633 4144 684 4214 uti
700 4142 807 4213 licuit.
1513 4155 1515 4166 '

354 4243 418 4314 111.
446 4242 563 4315 Huius
581 4242 709 4315 classis
728 4241 799 4313 duo
820 4240 938 4313 adhuc
955 4244 1147 4312 seruantur
1173 4238 1313 4311 codices
1337 4238 1375 4309 in
1513 4309 1515 4340 Ι
