3050 4900
273 469 322 542 58
520 456 739 542 ‘ANNALES
768 466 1062 543 POLONORUM
1087 467 1113 542 Ι.

273 666 332 739 die
350 667 454 739 Lune
472 667 509 739 in
529 679 637 741 nocte
657 667 755 740 circa
781 667 941 764 primam
966 668 1238 742 huramuoctis
1258 692 1366 766 aper·

272 777 351 839 tum
384 770 443 840 est
474 770 597 841 celum
624 769 661 840 iu
682 770 834 839 modum
867 769 987 841 crucis
1015 793 1131 866 super
1162 770 1364 843 ecclesiam

271 868 428 940 fratrum
456 869 640 940 dlinorum
666 869 704 940 in
728 869 921 964 Cracovia‚
950 880 986 941 et
1013 872 1059 942 de
1095 869 1155 942 itta
1188 881 1363 968 apertura

272 969 342 1040 celi
362 968 475 1042 exivit
492 968 554 1040 lux
573 969 610 1040 in
630 971 784 1041 modum
800 970 888 1041 lune
908 978 944 1040 et
963 969 1103 1066 sparsit
1128 971 1253 1042 radius
1273 995 1363 1043 suus

271 1093 339 1166 per
352 1079 468 1142 tutam
487 1069 717 1166 provinciam
736 1069 1041 1166 Cracoviensem,
1060 1070 1252 1142 intantum
1266 1073 1362 1168 quod

271 1170 308 1240 iu
336 1169 497 1242 ecclesia
526 1169 803 1242 Predicatorum
830 1193 897 1266 pre
925 1170 1071 1266 fulgore
1097 1171 1190 1243 lucis
1215 1182 1364 1268 poterat

270 1293 361 1342 acus
387 1269 556 1343 inveniri.
641 1272 782 1342 Eodem
812 1293 910 1340 auno
938 1270 1071 1342 similis
1100 1270 1161 1342 lux
1192 1272 1364 1369 apparuit

269 1369 306 1440 in
335 1369 529 1442 Stanatek.
629 1371 770 1442 Eodem
796 1393 894 1442 anno
921 1371 1010 1443 obiit
1035 1395 1102 1442 rex
1126 1372 1364 1468 ngarorum

174 1470 370 1543 uuassela.
474 1471 560 1569 Ipso
585 1494 684 1542 annu
711 1468 848 1543 fluvius
881 1471 943 1567 qui
974 1471 1107 1543 dicitur
1137 1473 1226 1544 Niza
1257 1470 1363 1544 fluxit

271 1572 456 1666 sauguine
475 1571 592 1642 tribus
626 1571 769 1666 diebuS,
795 1571 829 1642 id
858 1581 917 1642 est
943 1597 964 1643 a
987 1572 1080 1644 feria
1107 1583 1212 1645 sexta
1241 1598 1361 1670 usque

270 1674 315 1744 ad
343 1672 441 1745 diem
469 1669 707 1743 dominicum.
770 1671 875 1742 Circa
909 1673 1008 1744 idem
1041 1685 1191 1770 tempus
1223 1672 1359 1746 fluvius

270 1773 370 1845 Odra
397 1770 502 1843 fluxit
527 1770 645 1844 tribus
672 1771 802 1844 diebus
829 1771 878 1843 ita
907 1777 1004 1869 quod
1033 1774 1136 1844 color
1162 1773 1243 1846 eius
1263 1799 1361 1871 aque

268 1872 337 1945 fuit
350 1872 611 1966 viridissimum
632 1884 765 1970 postea
784 1871 865 1944 aliis
884 1873 1002 1946 tribus
1018 1873 1148 1946 diebus
1167 1884 1243 1945 tota
1264 1899 1360 1969 aqua

269 1974 488 2070 sanguinea.
523 1973 660 2045 iterum
676 1973 773 2044 cirea
789 1975 927 2044 festum
942 1977 1052 2046 beate
1072 1973 1188 2046 Marie
1207 1976 1360 2070 Magda-

157 2074 353 2148 urridene
384 2075 501 2148 tribus
551 2073 680 2147 diebus
712 2073 781 2144 fuit
816 2073 978 2146 maxima
1018 2075 1216 2146 inundacio
1248 2100 1361 2172 aqua-

266 2200 349 2248 rum
380 2176 417 2246 iu
433 2173 612 2247 Cracovia
633 2199 700 2271 per
717 2175 900 2268 Wyslam
919 2173 1038 2271 qualis
1058 2198 1250 2272 uunquam
1279 2176 1361 2248 visa

265 2277 345 2374 fuit7
373 2275 457 2372 quia
477 2275 672 2371 occupavit
692 2273 813 2370 villas,
832 2276 1027 2371 segethes,
1054 2285 1159 2371 prata
1185 2286 1222 2348 et
1239 2285 1360 2347 totum

266 2400 442 2474 campum
464 2386 501 2447 et
520 2375 688 2473 spacium
706 2399 726 2445 a
748 2386 874 2447 munte
893 2375 1013 2455 sancti
1032 2374 1221 2471 Stanislay
1240 2401 1360 2474 usque

265 2482 311 2552 ad
331 2488 498 2550 montem
514 2476 632 2547 saucti
647 2476 851 2571 Benedicti,
872 2488 910 2548 et
923 2478 1060 2549 multos
1080 2478 1253 2550 homiues
1274 2482 1360 2551 sub-

265 2578 395 2651 mersit
416 2576 601 2650 etdomus
623 2576 896 2671 etmulendina,
917 2588 954 2649 et
972 2578 1116 2649 duravit
1134 2578 1358 2650 hucmalum

264 2704 333 2778 per
365 2682 408 2756 15
436 2678 529 2769 diem
558 2688 594 2749 et
625 2677 697 2749 hoc
722 2676 899 2749 diluvium
925 2676 994 2775 per
1012 2678 1358 2776 diversasprovin-

265 2781 341 2853 cias
372 2778 518 2873 mundi,
547 2788 584 2849 et
618 2778 707 2850 fecit
732 2779 835 2851 Raba
864 2789 901 2851 et
927 2778 1126 2851 Dunaiecz.
1259 2778 1359 2853 Obiit

263 2885 394 2977 regina
430 2881 665 2975 Ungarorum
703 2877 854 2951 domina
889 2880 1023 2974 Maria,
1059 2888 1181 2952 mater
1205 2880 1357 2951 domine

260 2982 395 3079 Kinge.
497 2982 638 3053 Eodem
658 3003 756 3051 auno
785 2978 939 3052 interra
959 2981 1082 3053 Zlesie
1102 2980 1358 3052 circumieba-

261 3084 332 3155 luw
351 3080 444 3179 pluit
462 3083 507 3152 de
527 3081 607 3153 celo
635 3079 812 3175 sanguim
833 3091 914 3153 erat
940 3091 1066 3153 autern
1093 3091 1244 3179 tempus
1271 3080 1358 3153 esti·

151 3214 252 3270 Augur.
263 3209 352 3255 vum
372 3192 409 3254 et
428 3180 613 3254 maximus
632 3180 758 3253 fervor
776 3180 837 3252 illo
857 3180 926 3253 die.
975 3184 1115 3254 Eodem
1137 3207 1235 3253 armo
1254 3180 1359 3253 veuit

263 3284 479 3381 Stephanus
504 3307 570 3355 rex
592 3280 756 3378 ngarie
784 3280 938 3354 visitare
965 3282 1205 3378 sepulchrum
1235 3281 1356 3354 sancti

262 3384 463 3477 Stanislay5
482 3393 518 3455 et
533 3384 621 3455 dum
642 3382 730 3455 vidit
745 3384 878 3453 ducem
898 3382 1134 3479 Bolezlaum,
1162 3384 1223 3481 qui
1241 3384 1356 3455 habe-

261 3490 325 3560 bat
350 3484 540 3557 dominam
572 3484 734 3579 Kingam
766 3506 936 3555 sororem
975 3507 1219 3580 germanam³
1254 3484 1355 3555 fece-

261 3597 421 3683 runtque
458 3609 591 3682 pacem
636 3596 673 3656 et
698 3583 934 3655 concordiam
954 3582 1052 3655 iuter
1078 3609 1130 3656 se.
1259 3586 1354 3656 ltem

149 3689 423 3784 1100,⁶,quedam
457 3685 606 3758 domina
633 3687 678 3756 de
698 3684 816 3755 Nakel
836 3684 980 3782 peperit
1005 3684 1042 3756 in
1068 3710 1143 3757 uno
1168 3694 1276 3781 partu
1306 3687 1354 3757 36

260 3812 398 3886 pueros
425 3787 602 3883 parvulus
633 3785 685 3857 ita
721 3787 818 3882 quod
855 3784 966 3858 simut
994 3811 1109 3859 unum
1134 3795 1222 3881 pust
1239 3786 1354 3856 alium

261 3888 392 3961 effudit
412 3888 480 3983 15,
517 3886 610 3960 alius
635 3896 722 3983 post
745 3885 933 3959 modicam
953 3887 1083 3959 horam
1113 3885 1263 3983 effudit,
1291 3885 1354 3983 qui

260 4013 393 4061 omues
412 3986 519 4084 pueri
539 3996 626 4059 sunt
645 3988 780 4059 mortui
798 3986 1026 4059 immediate.

339 4090 445 4163 1271.
476 4099 554 4161 tres
583 4088 683 4161 soles
719 4098 976 4186 apparuerunt
999 4099 1087 4188 post
1112 4096 1236 4159 ortum
1262 4084 1353 4159 solis

149 4218 196 4264 m.
214 4190 320 4264 rudie
346 4190 450 4261 Lune
478 4192 533 4262 14.
557 4190 635 4261 Kal.
658 4188 859 4261 Februarii.
895 4191 977 4262 Dux
1000 4187 1217 4262 Samborius
1238 4212 1257 4259 a
1281 4187 1353 4259 Bo·

259 4290 380 4364 lezlao
405 4289 568 4388 capitur,
588 4289 649 4389 qui
682 4290 867 4387 acquisvit
889 4288 1051 4361 Gdancz.
1156 4287 1351 4361 lauussius
