3050 4900
170 436 172 440 .
295 357 1134 438 111111500111111101110011511515.
1220 363 1268 438 27

35 599 38 604 ·
168 561 310 660 clypeis
329 561 471 635 50115111
487 561 546 636 die
561 564 680 638 sancti
698 563 881 638 Dominici
899 565 988 637 luna
1007 567 1067 639 27.
1084 563 1339 650 1100100110.
1357 591 1380 639 1.

172 685 240 735 rex
257 661 522 756 Lytwano'rum
541 687 562 736 ι
579 663 965 738 Litvvanisocciditur.

250 763 357 836 1261.
377 773 524 836 cometa
541 764 622 836 sive
638 773 822 862 cometes,
840 788 954 862 quem
971 763 1122 861 quidam
1140 763 1268 838 dicunt

169 861 332 959 ignitum
360 866 496 959 sydus,
525 864 675 962 quidam
695 869 834 939 nubem
853 888 1070 959 accensam,
1095 863 1268 962 apparuit

171 961 322 1036 01510111
330 963 439 1060 quasi
451 964 640 1062 octoginta
655 965 797 1039 diebus.
819 964 1266 1040 Mortalitasanimalium.

169 1062 349 1158 Stroynat
367 1070 502 1162 potens
530 1065 706 1164 princeps
731 1065 975 1139 Lituanorum
999 1065 1061 1164 qui
1080 1064 1266 1138 occiderat

168 1163 346 1260 llende'g⁷
371 1164 552 1238 occiditur
576 1189 645 1263 per
669 1166 921 1265 Theophilum
945 1179 983 1238 01
1000 1188 1069 1264 per
1085 1163 1267 1259 Woysalli

168 1261 287 1336 lilium
305 1262 425 1361 ipsius
443 1265 606 1364 Mendog
622 1267 733 1364 rogis.
757 1267 925 1340 Tandem
936 1266 1071 1341 Comat
1088 1265 1265 1364 princeps

163 1363 439 1438 ,lazwiditarum
465 1365 513 1438 in
528 1366 626 1439 bello
652 1391 720 1464 per
741 1367 1035 1440 cracoviensem
1059 1365 1264 1439 exercitum

169 1463 359 1542 occiditur.

246 1565 353 1638 1265.
382 1574 546 1639 castrum
567 1563 761 1639 edificatur
777 1565 815 1639 in
832 1564 1264 1664 Cracoviapsupertotum

169 1675 340 1738 montem
359 1689 444 1738 cum
462 1665 587 1763 lignis.

271 1765 378 1841 1266.
413 1765 610 1840 Bolezlaus
637 1769 709 1840 dux
736 1765 998 1842 cracoviensis
1023 1764 1127 1840 misit
1157 1790 1264 1838 exer·

167 1865 283 1937 citum
301 1864 339 1936 in
358 1865 536 1942 Russiam
563 1877 601 1940 et
625 1867 713 1940 vicit
731 1867 976 1942 Snamonem
996 1877 1035 1940 et
1057 1865 1198 1939 multos
1216 1867 1263 1938 de

166 1964 352 2039 Ruthenis
383 1966 538 2063 occidit,
567 1991 641 2039 non
674 1978 820 2040 tantum
850 1967 1001 2066 propria
1031 1966 1168 2039 virtute
1193 1968 1262 2039 sed

166 2065 397 2139 orationibus
424 2066 585 2140 ecclesie
618 2079 655 2140 et
687 2090 852 2164 superno
878 2066 1014 2140 auxilio
1050 2067 1262 2139 adiuvante.

166 2164 325 2239 Nechec
335 2165 489 2239 victoria
500 2177 558 2242 est
568 2167 743 2240 humanis
757 2167 896 2241 virilius
912 2169 978 2240 sed
993 2166 1125 2265 pocius
1138 2165 1262 2238 divine

165 2265 334 2364 potentie
349 2267 602 2342 asscribenda.
640 2268 796 2340 Terram
815 2268 936 2341 eciam
954 2267 1054 2340 idem
1073 2265 1270 2339 exercitus.

165 2368 324 2440 ducatus
342 2367 462 2466 ipsius
480 2367 695 2442 Swarnonis
723 2367 946 2442 devastavit.
1050 2401 1057 2404 ·

241 2469 385 2541 Eodem
411 2492 510 2541 anno
531 2469 755 2541 venerabilis
775 2481 883 2567 pater
901 2472 1062 2543 domnus
1076 2469 1261 2541 Praudota

165 2566 369 2667 episcopus
384 2568 646 2644 Cracoviensis
665 2570 702 2641 in
721 2569 847 2667 vigilia
866 2568 964 2643 beati
982 2568 1122 2642 Mathei
1138 2592 1375 2656 ewen-sepino,

165 2668 316 2765 gelista,
335 2669 422 2742 licet
441 2692 598 2767 corpore
617 2669 744 2742 multis
764 2670 896 2743 diebus
914 2664 1116 2767 languens5
1134 2668 1260 2740 audita

164 2767 285 2842 missa
303 2779 342 2841 et
358 2770 532 2842 omnibus
551 2770 654 2843 heris
674 2780 711 2842 et
728 2769 863 2843 officiis
882 2770 1149 2844 ecelesiasticis
1164 2768 1261 2844 diur-

165 2868 245 2963 nis,
265 2892 357 2942 sana
379 2880 508 2943 mente
522 2869 767 2943 devotissime
797 2870 977 2968 enpletis7
1003 2870 1102 2943 circa
1129 2892 1260 2965 crepu-

165 2968 1259 3067 sculumnocturnurmspiritumdehergastulocorporisiu

163 3069 323 3142 Domino
342 3070 534 3144 relaxavit.
572 3071 640 3143 llic
661 3070 787 3167 itaque
809 3081 849 3143 ut
869 3094 911 3143 re
926 3080 964 3143 et
978 3069 1131 3143 nomine
1143 3091 1257 3143 verus

163 3181 384 3267 procurator
398 3170 560 3244 ecclesie
580 3181 812 3264 censeretur,
831 3171 1072 3245 sueecciesie
1091 3170 1258 3244 redditus

162 3270 387 3367 patrimonia
407 3281 444 3345 et
463 3281 610 3345 ceteras
630 3270 808 3344 utilitates
826 3294 893 3343 sec
903 3274 1042 3344 undum
1053 3272 1258 3369 equitatem

162 3368 286 3442 eidem
306 3382 573 3468 congruentes,
588 3372 797 3443 libertatern
814 3372 913 3443 clero
929 3372 1184 3444 omnimodam
1200 3394 1259 3443 se·

163 3471 326 3541 cundum
350 3472 472 3543 Deum
493 3472 678 3545 iusticiam
702 3482 738 3543 01
760 3472 916 3544 tutelam
937 3496 959 3544 a
984 3471 1256 3570 persecucione

161 3568 378 3641 omnimoda
399 3570 529 3665 laycali
558 3583 595 3645 et
621 3571 740 3669 patrie
767 3571 1032 3644 liberacionem
1061 3570 1256 3644 studiosis*

161 3669 260 3743 sime
279 3672 502 3766 procuravit.
538 3673 607 3745 Hic
624 3673 661 3744 in
672 3671 995 3746 benedictionibus
1012 3670 1162 3746 Domini
1173 3692 1256 3767 pre·

159 3780 297 3842 ventus
316 3794 432 3867 super
457 3796 568 3869 quern
596 3771 722 3868 gracia
741 3796 918 3870 superna·
932 3772 1159 3871 propensius
1176 3770 1257 3868 plu·

159 3870 262 3943 ribus
289 3870 367 3943 suis
395 3873 728 3968 predecessoribus
753 3872 977 3971 051111ορεο7
995 3870 1257 3945 huiuscemodi

158 3971 400 4069 prerogative
427 3972 621 4068 privilegio
642 3973 785 4045 meruit
803 3973 986 4070 insigniri,
1005 3976 1102 4070 qued
1122 3978 1254 4046 11001115

157 4066 381 4165 Slanyalaus
391 4070 579 4169 gloriosus
596 4072 737 4168 martir,
752 4068 1119 4171 contectuspulvere
1130 4072 1255 4171 sepul·

156 4179 241 4245 ture
266 4182 446 4269 tanquam
466 4196 618 4271 gemma
639 4175 708 4251 sul>
728 4173 818 4269 alga
833 4175 970 4271 pelagi,
989 4185 1168 4271 tanquam
1193 4173 1256 4243 lux
