3050 4900
395 468 618 545 ANNALES-
638 469 1010 545 MECHDVIENSES.
1200 469 1250 543 95

157 697 189 746 u.
217 671 431 745 celsissimus
458 697 503 743 ac
527 671 754 744 doctissimus
778 670 990 765 Bitseblcour,
1018 668 1250 741 bibliothecae

155 772 351 867 imperialis
362 771 652 866 Petropolitanae
667 771 952 843 bibliothecarius
964 771 1127 864 superior
1143 768 1251 840 libro·

157 895 305 968 rumque
324 874 649 965 manuscriptorum
669 874 703 943 in
723 897 767 942 ea
787 877 1056 943 asservatorum
1075 875 1205 941 orestus.

233 972 277 1069 2)
306 971 455 1044 Samuel
470 971 654 1043 Nabielslri
670 973 705 1043 in
724 971 816 1044 libro
833 994 920 1042 suo:
939 968 1147 1041 Miechovia
1168 968 1249 1040 sive

157 1071 457 1169 Prornptuarium
479 1070 739 1167 antiquitatum
761 1069 979 1142 monasterii
999 1067 1250 1167 Miechpvien-

159 1172 224 1266 sie,
244 1169 447 1246 Crucoviae
475 1195 507 1244 a.
526 1171 569 1242 D.
600 1173 706 1246 1634.
732 1172 825 1244 cclito
851 1171 1039 1265 plerosque
1064 1169 1249 1242 annalium

157 1279 363 1345 nostrorum
380 1274 521 1366 profert
538 1271 636 1342 locos
650 1273 839 1363 caecutire,
859 1278 898 1342 ut
914 1273 988 1364 ipse
1002 1295 1073 1342 non
1088 1294 1162 1341 unu
1177 1271 1251 1339 uice

156 1377 305 1466 toletum,
331 1377 466 1444 oetnsto
494 1373 718 1444 conventuali
741 1373 986 1464 manuscripto
1013 1370 1079 1467 (cf.
1103 1396 1139 1464 p.
1166 1369 1268 1444 256.-

159 1474 243 1547 262.
262 1472 368 1569 267).
432 1471 646 1564 Quanquam
676 1477 893 1544 autemnon
920 1495 991 1543 uno
1019 1475 1055 1542 in
1072 1472 1160 1543 'loco
1184 1492 1250 1541 suo

159 1571 309 1646 arbitrio
320 1572 447 1644 ductus
457 1572 641 1642 uariorum
653 1595 833 1644 annorum
850 1570 1041 1642 relationes
1058 1570 1250 1661 contrusit,

155 1680 278 1744 ‘tunren
311 1673 469 1743 corrictus
496 1671 683 1742 lectionum
701 1672 845 1766 probat,
870 1695 942 1742 non
969 1671 1116 1744 euntlenr
1139 1671 1252 1755 fnisse

155 1772 313 1846 corticem
337 1794 441 1843 suurn
460 1794 505 1843 uc
522 1777 694 1843 nostrum.

234 1873 394 1945 Ceterum
413 1893 484 1942 non
504 1877 557 1942 est
572 1871 776 1962 tacendum,
796 1876 981 1941 auctorem
1005 1870 1160 1961 primunr
1187 1890 1252 1939 an-

158 1970 293 2048 nalium
313 1969 621 2042 Miechooiensium
649 1971 879 2062 exscripsisse
911 1969 1062 2040 annales
1085 1969 1253 2063 antiquos

159 2073 423 2163 Crotonienses,
442 2069 507 2141 secl
521 2068 698 2166 plerisque
715 2073 751 2141 in
769 2069 858 2141 loeis
875 2070 923 2141 ob
940 2066 1138 2140 Annalibus
1156 2069 1253 2160 capi-

158 2172 223 2243 tuli
236 2171 483 2243 Cracooiensis
495 2193 609 2262 supra
624 2170 727 2242 editis
741 2169 912 2242 diuersos.
964 2166 1056 2239 Anni
1072 2170 1162 2238 enirn
1178 2166 1253 2242 955

158 2269 367 2344 relationem
387 2269 438 2342 nel
455 2273 598 2341 uerbum
617 2273 693 2354 fere
710 2269 857 2343 similem
876 2271 1032 2362 reperies
1048 2269 1085 2339 in
1112 2268 1253 2339 annoli-

158 2371 223 2444 bus
241 2370 405 2444 breuibus
423 2370 728 2463 Cracooiensibus,
754 2394 867 2465 snpra
886 2369 995 2442 elatis.

230 2570 310 2623 Anno
331 2567 441 2622 Domini
461 2568 524 2623 947.
543 2568 667 2623 intencio
686 2570 771 2623 sancti
791 2568 931 2640 Stephani.

230 2642 312 2699 Anno
331 2640 441 2695 Domini
461 2642 525 2695 955.
552 2640 718 2696 Dambrovca
740 2644 773 2695 ad
798 2642 953 2697 Mesconcm
969 2641 1042 2695 venit
1063 2642 1097 2693 de
1112 2638 1253 2703 Bobenia,

158 2724 186 2771 et
203 2714 325 2788 sequenti
346 2732 415 2769 anno
431 2713 522 2771 Mesoa
542 2719 595 2769 dux
616 2716 749 2786 baptisma
769 2717 887 2787 suscepit
905 2724 933 2769 ot
948 2714 1013 2767 fides
1032 2713 1164 2767 catholica
1181 2714 1256 2767 reci-

158 2788 232 2861 pitur
249 2788 277 2842 in
297 2786 417 2841 Polouia.

230 2862 312 2915 Anno
330 2859 439 2913 Domini
459 2860 522 2914 997.
542 2870 650 2913 sanctus
668 2858 833 2914 Arialbertus
853 2876 947 2930 passus
966 2866 1015 2911 cst.

230 2932 312 2989 Anno
329 2930 436 2985 Domini
453 2932 533 2987 1003.
557 2931 685 2986 heremite
706 2931 862 2987 martirizati
883 2941 945 2985 sunt
963 2932 991 2983 in
1006 2928 1119 2983 Poloniu
1139 2929 1254 3001 pridie

158 3004 242 3060 idus
261 3002 476 3059 Novembris.
1085 3006 1088 3009 ’

230 3078 311 3131 Anno
337 3075 445 3130 Domini
473 3076 553 3133 1072.
586 3085 695 3131 sanctus
733 3076 883 3131 Sonistaus
912 3076 1041 3130 successit
1065 3073 1209 3145 Lamperto
1228 3082 1255 3127 et

157 3166 361 3243 postea‘octuvo
377 3184 448 3221 anno
464 3167 591 3221 videlicet
608 3166 687 3222 1079.
705 3184 784 3232 anno,
801 3168 975 3222 martirizatus
986 3176 1035 3231 est,
1050 3149 1109 3223 vel
1122 3170 1255 3221 secun·

160 3256 247 3325 ditm
268 3245 491 3345 alios'1089.
511 3275 621 3325 anno.

229 3369 311 3422 Anno
330 3368 440 3423 Domini
462 3368 542 3423 1162.
562 3367 624 3422 luxu
644 3368 693 3423 ivit
713 3368 895 3422 ierosolimam
921 3362 958 3423 ei
984 3353 1090 3425 1163.
1117 3350 1254 3421 fl'all'es

159 3450 333 3525 dominici
360 3451 550 3548 sepulchri
583 3462 770 3524 venerunt
795 3450 1031 3523 Mechoviam
1058 3474 1152 3522 cum
1179 3472 1254 3552 uno

160 3551 341 3625 canonico
361 3551 478 3625 misso
499 3554 723 3625 attonsum
744 3550 966 3649 patriarcha.

233 3649 313 3705 1171.
333 3660 439 3705 sauctus
459 3650 576 3705 Thomas
595 3652 813 3722 archiepiscopus
833 3648 1034 3704 Contuariensis
1053 3648 1157 3702 occisus
1176 3655 1227 3701 est.

233 3721 314 3777 1185.
333 3732 440 3777 sanctus
459 3722 600 3777 Florianus
619 3733 775 3795 apportatus
794 3731 835 3777 ost
852 3721 1020 3776 Cracoriam.

233 3794 313 3850 1223.
332 3800 400 3850 ordo
412 3794 616 3852 Prodicatorum
628 3806 654 3852 et
670 3796 948 3865 Hospitanorum
967 3795 1040 3849 vonit
1059 3791 1227 3847 cracoviam.
1276 3846 1279 3852 ,
1309 3805 1310 3810 ’

232 3868 312 3925 1236.
334 3868 430 3923 iratres
449 3867 567 3923 Minores
587 3879 715 3923 venerunt
735 3866 902 3922 Crocotium.

232 3942 312 3996 1242.
332 3940 438 3995 Tartari
456 3950 627 3995 vastaverunt
645 3941 796 3996 Potoniam.

232 4015 312 4070 1244.
332 4017 386 4068 dux
405 4012 545 4068 Conradus
564 4014 649 4069 victus
669 4024 709 4068 est
727 4014 755 4067 in
776 4012 906 4067 Suchdol.

232 4087 312 4143 1254.
331 4097 440 4142 sanctus
460 4085 608 4141 Stanisiaus
628 4088 747 4143 elevatus
768 4094 817 4140 est

232 4159 312 4216 1259.
338 4159 422 4216 Fulco
447 4160 663 4231 archiepiscopus
692 4158 861 4213 Gneznensis
885 4157 960 4221 obiit,
987 4157 1147 4212 lanusius
1167 4173 1254 4210 suc-

158 4232 260 4288 cedit.
318 4232 419 4288 Eodem
446 4250 516 4288 anno
538 4232 641 4287 Tartari
668 4242 836 4285 vastaverunt
861 4229 1016 4285 Cracoriam
1038 4242 1065 4285 ot
1085 4229 1255 4284 Sandomiria

158 4314 234 4375 capta
254 4314 303 4361 est.
378 4306 481 4361 Eodem
501 4325 572 4362 auno
591 4315 661 4363 torre
682 4315 771 4360 motus
791 4304 876 4359 iactus
897 4312 946 4361 cst.
