3050 4900
415 467 631 543 ANNALES
659 468 953 544 rotenorum
981 469 1007 543 l.
1211 469 1255 546 61
1328 458 1333 466 ’

164 675 290 741 autem
323 667 519 762 videbant,
548 679 607 743 set
631 680 778 743 tantum
815 695 950 743 sonum
985 675 1183 745 verberum
1221 681 1258 743 et

163 770 360 866 strepitum
394 765 613 866 audiebant,
639 772 795 843 vulnera
826 772 862 842 in
890 796 1048 868 corpore
1069 783 1106 844 et
1123 773 1257 869 plagas

160 871 404 967 aspiciebant.
434 872 518 967 lpse
531 872 647 944 miser
660 870 822 943 afflictus
833 873 974 943 nullam
993 896 1126 944 vocem
1148 874 1259 944 dabat

161 995 233 1042 nec
251 971 447 1066 gemitum7
468 981 528 1044 set
546 981 691 1043 tanturn
711 973 853 1044 vultum
874 973 1119 1044 contrahebat
1144 983 1181 1044 et
1199 996 1259 1042 ru·

159 1075 286 1167 gabat,
302 1082 339 1143 et
350 1071 404 1144 sic
418 1071 535 1144 miser
549 1071 644 1143 infra
661 1077 816 1144 verbera
826 1075 1028 1145 demonum
1044 1071 1258 1169 exspiravit.

160 1172 199 1242 ln
233 1182 365 1244 octava
399 1171 519 1244 sancti
550 1172 744 1244 Michaelis
783 1174 916 1245 cecidit
950 1173 986 1244 in
1011 1173 1190 1248 Cracovia
1219 1171 1255 1243 in
1281 1195 1365 1242 oue.

160 1295 301 1368 magna
321 1272 429 1369 copia
448 1273 520 1343 nix.
621 1273 793 1346 loheleth
818 1298 912 1344 uxor
933 1273 1108 1368 Bolezlay
1126 1273 1257 1370 genuit

160 1369 276 1443 filiam
295 1373 448 1444 nomine
467 1375 625 1444 Annam.
1103 1413 1110 1422 ·

238 1473 345 1546 1277.
372 1473 409 1543 in
445 1471 731 1544 circumcisione
758 1472 907 1544 Domini
932 1473 970 1543 in
996 1473 1119 1544 media
1144 1481 1255 1545 nocte
1279 1488 1327 1533 1³1¹-
1345 1488 1365 1534 1·
1391 1490 1395 1496 ·

159 1582 332 1669 apertum
348 1583 406 1645 est
422 1573 545 1644 celum
558 1573 666 1644 etlux
681 1574 846 1644 maxima
860 1572 1093 1670 resplenduit
1112 1576 1157 1644 ad
1177 1596 1255 1644 mo·

158 1674 281 1744 dicam
300 1674 432 1745 horam
451 1673 502 1745 ita
512 1675 608 1770 quod
624 1683 702 1745 tota
722 1673 853 1746 civitas
876 1685 914 1746 et
932 1673 1104 1768 dyocesis
1122 1676 1256 1748 Cracc-

158 1773 300 1845 viensis
320 1773 388 1844 fuit
408 1773 675 1847 delectabiliter
697 1774 892 1847 illustrata.
993 1775 1136 1846 Eodem
1156 1798 1255 1846 anno

157 1872 296 1946 milites
317 1873 538 1946 Theutonici
567 1873 689 1946 vocati
718 1875 866 1946 suntin
896 1873 1133 1946 Zleziensem
1169 1879 1256 1968 dyo·

159 1973 288 2048 cesim.
407 1975 489 2046 Dux
508 1975 706 2046 Bolezlaus
731 1973 856 2047 Zlesie
887 1976 934 2046 de
957 1974 1137 2070 Legnicia
1156 1975 1257 2071 cepit

156 2074 362 2146 Henricum
395 2073 513 2146 filium
549 2075 674 2146 fratris
702 2075 777 2168 suia
813 2077 947 2145 ducem
974 2074 1256 2146 wratislavien-

159 2199 263 2270 sem,
303 2174 501 2272 requirens
529 2179 573 2247 ab
604 2198 648 2246 eo
675 2175 800 2246 fratris
829 2175 887 2247 sui
915 2173 1069 2247 iunioris
1089 2175 1255 2246 defuncti

157 2276 262 2348 ducis
290 2275 496 2348 Wlotconis
524 2275 584 2371 qui
614 2275 682 2347 luit
709 2274 1029 2373 archiepiscopus.
1161 2275 1253 2372 'lpse

67 2423 71 2432 ι
159 2375 296 2448 circulo
317 2376 415 2448 circa
431 2377 571 2448 festum
591 2376 709 2448 sancti
720 2375 820 2448 Luce
842 2375 1085 2473 ewangeliste
1097 2375 1362 2448 Litwani0o018.

155 2478 370 2549 Lanciciam
404 2476 664 2568 crudelissime
696 2481 991 2550 devastaverunt
1022 2480 1251 2550 abducentes

157 2602 289 2650 secum
321 2578 358 2649 in
390 2578 645 2675 captivitatem
678 2588 806 2674 preter
837 2602 903 2651 eos
936 2577 998 2674 qui
1029 2578 1144 2649 occisi
1167 2589 1254 2650 sunt

156 2679 403 2776 quadraginta
418 2678 520 2751 milia
533 2678 728 2750 hominum
748 2679 942 2776 utriusque
963 2702 1089 2750 sexus.
1165 2680 1255 2750 Post

155 2780 302 2850 ruinam
322 2779 423 2875 regis
442 2780 696 2851 Bohemorum
716 2779 789 2850 filia
808 2779 929 2876 ipsius
948 2778 1098 2850 domina
1116 2778 1252 2875 limga,

154 2879 261 2977 virgo
276 2881 355 2952 Deo
376 2882 509 2953 devota
525 2890 561 2951 et
579 2883 688 2952 beate
707 2878 843 2975 virgini
859 2879 988 2975 Mario,
1006 2879 1044 2949 in
1059 2878 1118 2949 die
1133 2878 1252 2951 sancti
1283 2870 1363 2925 ¹²⁷⁶·
1396 2895 1401 2899 ’

34 2957 43 3073 i
154 2980 338 3076 Stephani
357 2980 629 3077 protomartiris
649 2978 740 3051 vidit
757 2980 795 3050 in
816 2979 959 3051 visione
975 2981 1162 3076 quandam
1181 2979 1253 3051 vir·
1262 2944 1361 3039 ¹³⁰⁰·²⁶5

154 3080 283 3176 ginem
311 3081 603 3179 pulcherrimam
635 3080 804 3151 indutam
834 3079 946 3178 pallio
974 3079 1153 3175 mirabili,
1179 3104 1251 3177 que

153 3182 317 3254 habebat
333 3182 477 3255 litteras
496 3182 658 3253 insertas
687 3204 755 3277 per
782 3191 903 3253 totum
930 3180 1084 3279 pallium
1116 3183 1162 3251 de
1194 3205 1252 3253 se·

154 3290 257 3378 ptem
279 3282 424 3378 gaudiis
438 3287 546 3356 beate
567 3281 723 3377 virginis
736 3282 865 3375 Mario,
886 3291 1043 3377 excepta
1062 3305 1134 3352 una
1154 3282 1251 3377 plica

153 3381 255 3479 pallii
274 3382 310 3452 in
331 3409 403 3479 qua
421 3410 496 3456 non
518 3392 624 3454 erant
648 3382 783 3455 littere.
836 3383 942 3469 Quod
970 3382 1102 3455 videns
1125 3382 1250 3478 puella

14 3480 16 3487 ’
73 3560 76 3565 ,
157 3481 255 3577 cepit
286 3482 422 3554 mirari.
481 3484 536 3555 Ad
569 3506 682 3581 quam
708 3485 818 3555 beata
850 3482 974 3579 virgo:
1003 3484 1091 3575 Cur,
1120 3481 1250 3579 inquit,

153 3580 240 3674 filiu,
259 3583 430 3654 miraris?
453 3584 509 3655 Ad
535 3608 648 3681 quam
668 3584 812 3680 puella:
848 3582 1019 3655 Admiror
1044 3588 1146 3652 tuum
1171 3582 1250 3674 prul·

153 3680 363 3753 critudinem
398 3688 433 3753 et
463 3707 528 3755 cur
548 3684 696 3776 pultium
722 3690 821 3755 tuum
852 3706 924 3755 nen
955 3689 1008 3755 est
1041 3705 1108 3773 per
1137 3688 1248 3754 totum

14 3833 18 3883 ζ
153 3788 334 3853 emulum.
386 3782 442 3853 Ad
456 3807 569 3880 quam
590 3783 757 3855 domina:
785 3784 864 3877 Epo
878 3806 969 3874 sunt,
988 3780 1119 3877 inquit,
1134 3789 1251 3854 meter

152 3879 309 3977 Domini,
337 3888 374 3954 tu
400 3890 518 3955 eutem
537 3882 605 3955 hoc
620 3885 771 3977 pallium
796 3907 913 3955 meum
941 3882 1131 3954 decorasti.
1178 3882 1252 3955 Sed

152 3984 237 4077 quio
263 3981 429 4055 besterna
457 3983 513 4057 die
543 4006 616 4056 non
646 3986 805 4056 recitasti
833 3990 964 4077 septem
992 3981 1132 4076 puudia
1156 4005 1249 4077 meu,

151 4104 217 4179 que
238 4083 381 4157 sedebus
405 4108 545 4179 sertrper
570 4084 740 4175 recitare,
780 4083 859 4155 ideo
880 4082 1032 4176 pallium
1058 4082 1155 4154 istud
1176 4105 1249 4154 non

15 4218 18 4243 a
152 4188 206 4254 est
219 4207 286 4276 per
303 4187 425 4257 cannia
444 4190 624 4257 ornatum.
667 4182 948 4276 Verumptumen,
968 4182 1056 4277 filiu,
1075 4182 1149 4254 noli
1165 4206 1248 4254 con-

14 4334 16 4351 ,
150 4282 311 4377 turbari,
337 4288 421 4379 quie
447 4286 660 4361 desiderium
688 4288 787 4356 tuum
815 4283 1081 4378 adimplebitur,
1115 4306 1179 4355 mc
1205 4282 1248 4354 de
